3542 5634
865 493 1105 591 '6³'

404 701 445 762 Et
476 701 626 783 quoniam
660 721 700 763 ex
730 700 873 762 locorum
904 720 1054 774 numer0,
1089 720 1169 783 quos
1198 700 1229 761 in
1260 699 1386 783 singulis
1420 701 1620 783 scriptoribus

301 790 446 891 respexit,
469 821 624 894 quantum
646 831 700 873 eos
724 812 908 892 cognoverit
931 810 1077 895 colligere
1098 817 1206 873 nostro
1229 812 1295 874 iure
1320 830 1499 893 possumus,
1524 812 1618 875 liceat

301 922 345 982 uti
369 920 556 1003 simpliciore
579 920 630 983 illa
663 931 694 984 et
726 922 871 984 breviore
904 918 1058 984 scribendi
1092 922 1203 996 forma,
1233 930 1268 983 ut
1301 924 1466 1005 scriptores
1511 920 1620 986 ordine

302 1030 525 1115 chronologico
541 1032 734 1115 persequens
753 1052 866 1115 prosae
882 1033 1031 1095 orationis
1048 1032 1236 1112 scriptorum
1252 1052 1332 1114 quos
1348 1032 1494 1094 inventos
1516 1033 1619 1096 habeo

301 1140 388 1203 locos
404 1141 598 1225 -singillatim
628 1162 783 1226 promam,
810 1139 924 1206 deinde
950 1151 1061 1226 poetas
1093 1139 1207 1204 eodem
1232 1139 1328 1206 modo
1351 1152 1550 1224 pertractem,
1577 1145 1620 1206 ita

301 1262 336 1314 ut
360 1251 494 1315 Choricii
522 1263 617 1337 atque
643 1253 768 1316 illorum
797 1254 897 1315 verba
926 1254 1014 1316 iuxta
1042 1230 1112 1315 sese
1135 1252 1337 1327 collocentur,
1359 1254 1447 1316 unde
1469 1274 1551 1336 quae
1574 1274 1619 1316 se-

302 1371 439 1445 quantur
461 1365 566 1426 statim
588 1363 727 1448 intellegi
749 1365 877 1447 possint.

408 1475 588 1538 Choricium
611 1477 705 1552 enim,
729 1483 764 1537 ut
786 1494 901 1557 prosae
928 1474 1078 1536 orationis
1096 1475 1279 1556 scriptorem
1302 1474 1332 1534 in
1354 1474 1446 1535 huius
1474 1474 1621 1537 orationis

302 1587 423 1668 generis
472 1585 643 1648 luminibus
688 1586 863 1647 maximum
899 1581 1038 1647 studium
1083 1585 1226 1668 posuisse
1270 1593 1519 1655 consentaneum
1564 1592 1617 1645 est.

301 1695 354 1756 Ex
376 1696 423 1758 his
446 1706 553 1759 autem
584 1672 723 1758 maxime
757 1716 812 1758 eos
838 1713 913 1758 eum
940 1694 1097 1758 lectitasse
1121 1691 1247 1757 credere
1270 1689 1433 1769 debemus,
1467 1694 1521 1775 qui
1556 1713 1619 1754 non

301 1815 431 1888 propter
471 1803 594 1870 dicendi
635 1807 760 1888 copiam
797 1806 898 1868 solam
941 1806 1092 1888 aptissimi
1120 1803 1308 1868 videbantur
1340 1802 1381 1867 ad
1413 1799 1618 1866 imitandum:

302 1924 442 1979 oratores
464 1916 597 1980 Atticos.
644 1918 768 1980 Horum
791 1937 890 2000 opera
912 1913 1118 1979 illustrissima
1150 1915 1239 1978 velut
1264 1934 1411 1978 normam
1442 1911 1483 1976 ad
1522 1933 1619 1996 quam

146 2096 152 2109 ,
235 2033 238 2040 ’
302 2028 460 2090 orationes
502 2048 574 2090 suas
619 2025 786 2112 dirigerent
829 2028 977 2113 omnibus
1021 2027 1217 2109 temporibus
1264 2025 1404 2088 rhetores
1448 2025 1619 2107 sophistae-

300 2158 363 2220 que
386 2138 541 2221 legebant.

403 2247 512 2332 Atque
542 2248 764 2324 illustrissimus
797 2248 922 2333 illorum
956 2255 1118 2310 oratorum
1147 2246 1383 2309 Demosthenes
1416 2247 1529 2309 itemm
1562 2246 1616 2307 ite-

302 2379 437 2442 rumque
460 2352 665 2423 lectitabatur.
705 2343 763 2422 'Ad
785 2380 881 2441 quem
904 2378 1031 2441 semper
1042 2337 1289 2441 cobfugiendum
1305 2365 1381 2431 erat,
1398 2357 1423 2419 si
1438 2376 1503 2419 non
1520 2353 1616 2418 modo
1666 2374 1671 2383 ·

302 2467 470 2552 eloquendi
502 2471 624 2553 generis
654 2479 750 2553 atque
782 2467 906 2532 dicendi
938 2470 1057 2552 copiae,
1091 2489 1202 2531 verum
1226 2468 1322 2558 etiam
1345 2467 1522 2529 rhetoricae
1545 2467 1617 2529 artis

301 2577 520 2643 nitidissimum
547 2580 710 2663 exemplar
738 2578 1000 2663 praeclarumque
1030 2579 1138 2642 lumen
1167 2574 1412 2640 desiderabatur.
1464 2578 1617 2640 Omnium

300 2690 352 2753 ille
373 2692 504 2773 praebet
525 2692 761 2774 permotionum
784 2689 948 2785 exempla:
980 2690 1206 2752 sententiarum
1233 2688 1421 2764 ubertatem,
1451 2707 1617 2771 argumen-

303 2811 408 2863 torum
436 2799 651 2883 splendorem,
686 2802 838 2863 sermonis
869 2796 1149 2883 pulchritudinem,
1184 2801 1335 2863 orationis
1364 2800 1439 2860 vim.
1485 2800 1558 2879 Qua
1579 2794 1619 2859 de

301 2931 396 2974 causa
426 2913 492 2975 eius
523 2909 625 2975 studio
655 2913 743 2995 quasi
767 2911 926 2974 elementa
948 2912 1136 2993 sophisticae
1159 2912 1233 2974 artis
1255 2911 1514 2984 continebantur,
1533 2905 1618 2970 unde

302 3023 482 3085 oriebantur
505 3033 545 3085 et.
564 3018 605 3085 a'd
627 3019 713 3105 quod
746 3043 871 3105 semper
892 3019 1045 3084 redibant.
1090 3020 1145 3083 Ille
1168 3023 1263 3084 etiam
1282 3021 1427 3083 Choricio
1442 3028 1510 3082 erat
1524 3039 1618 3081 verus

301 3142 397 3215 atque
419 3134 573 3215 perfectus
597 3134 744 3215 sophista.
755 3131 778 3216 1)
821 3132 951 3195 Praeter
971 3129 1225 3195 Demosthenem
1246 3130 1399 3194 isocrates
1421 3129 1618 3214 dignissimus

302 3251 368 3306 erat
402 3245 454 3327 qui
488 3243 653 3327 legeretur.
709 3243 805 3305 Cuius
845 3241 885 3305 ad
919 3243 1133 3306 Demonicum
1166 3252 1198 3305 et
1232 3242 1414 3326 Euagoram
1456 3240 1618 3302 orationes

301 3353 415 3436 plenae
438 3356 662 3418 sententiarum
678 3354 965 3436 philosophicarum
988 3364 1084 3436 atque
1107 3354 1334 3437 cogitationum
1357 3373 1416 3416 nec
1438 3370 1504 3413 non
1518 3350 1618 3412 Pane-

303 3467 425 3549 gyricus
448 3466 624 3549 argumenti
647 3462 815 3547 splendore
843 3463 967 3545 fulgens
991 3465 1132 3526 maxime
1154 3461 1195 3526 ad
1217 3465 1392 3526 orationem
1415 3459 1618 3525 excitandam

302 3577 509 3658 pertinebant.
553 3576 722 3659 Praeterea
743 3574 921 3637 Aeschines
944 3574 995 3637 ille
1018 3595 1083 3637 non
1112 3570 1209 3637 modo
1240 3576 1272 3637 in
1300 3584 1367 3637 arte
1396 3574 1532 3636 oratoria
1562 3569 1619 3634 sed

303 3688 398 3748 etiarn
428 3687 459 3748 in
488 3686 615 3769 politica
644 3686 765 3748 ratione
794 3685 1023 3748 Demosthenis
1050 3686 1194 3748 aemulus
1216 3695 1344 3767 propter
1365 3685 1456 3747 huius
1479 3680 1618 3745 studium

303 3793 344 3859 ad
381 3795 551 3880 legendum
588 3796 750 3861 invitabat.
807 3796 1015 3879 Reliquorum
1057 3795 1236 3858 Atticorum
1278 3805 1440 3857 oratorum
1480 3795 1618 3878 primum

301 3906 433 3989 Lysiam
456 3927 520 3970 non
542 3907 636 3990 plane
658 3908 810 3969 omissum
833 3927 903 3970 esse
925 3916 1010 3983 recte
1032 3907 1222 3990 putabimus.

406 4017 614 4101 Reliquorum
644 4038 756 4101 prosae
786 4018 935 4080 orationis
966 4020 1152 4101 scriptorum
1182 4017 1318 4079 historici
1347 4014 1433 4078 haud
1454 4010 1619 4077 omittendi

304 4138 401 4192 erant.
457 4129 606 4213 Magnam
636 4129 677 4191 ob
707 4126 939 4191 multitudinem
963 4129 1188 4211 exemplorum
1219 4124 1374 4190 Herodoti
1404 4146 1502 4210 opera
1531 4126 1618 4188 haud

303 4242 406 4302 minus
443 4237 539 4324 digna
580 4238 770 4302 uidebantur
814 4259 898 4322 quae
930 4251 1147 4313 ,versarentur
1187 4256 1307 4323 quam·
1327 4238 1468 4302 Homeri.
1533 4237 1619 4311 Tum

302 4347 513 4434 Thucydides,
551 4371 648 4433 quem
681 4352 744 4412 iam
777 4359 872 4413 antea
904 4351 935 4412 in
970 4352 1092 4414 carione
1125 4366 1247 4427 eorum,
1281 4370 1417 4433 quorum
1450 4352 1481 4413 in
1515 4347 1618 4412 studio

303 4462 447 4544 sophistis
478 4459 669 4525 versandum
693 4470 769 4538 erat,
801 4463 895 4525 luisse
924 4462 1108 4546 Libanius2)
1135 4466 1224 4526 testis
1251 4475 1307 4541 est,
1338 4472 1370 4525 et
1400 4473 1527 4545 propter
1550 4482 1617 4524 ora-

302 4574 393 4635 tionis
432 4582 463 4635 et
499 4594 604 4637 rerum
644 4582 675 4636 et
712 4575 940 4636 sententiarum
978 4575 1103 4657 copiam
1140 4595 1291 4659 magnam
1327 4575 1472 4657 praebuit
1507 4592 1619 4637 ansam

304 4685 494 4747 imitationis.
518 4683 630 4767 Neque
652 4684 746 4767 plane
768 4684 1017 4767 Xenophontem
1039 4687 1192 4748 omissum
1215 4706 1284 4748 esse
1306 4687 1372 4748 iure
1387 4694 1618 4767 exspectamus

405 4854 426 4919 ¹)
445 4853 552 4902 Choricii
569 4848 731 4921 Ἐπιτάφιον
752 4858 902 4924 Προκοπίου
920 4855 959 4908 ed.
977 4855 1153 4904 Boissonadius
1171 4851 1229 4920 pag.
1245 4866 1257 4921 5
1277 4855 1321 4906 ult.
1340 4861 1365 4903 et
1382 4856 1398 4904 6
1417 4871 1453 4920 sq.

374 4982 378 4989 .
403 4939 424 5001 ²)
442 4954 475 4990 or.
494 4938 587 4992 XXIII.
605 4954 663 5004 pag,
676 4937 734 5002 360.
1269 4942 1271 4947 ⁴
1297 4942 1302 4949 ’
