3542 5634
703 478 912 539 ..15-Δ

568 664 597 727 b.
622 660 670 725 de
694 661 798 725 salsa
821 659 1037 743 legatione.

245 799 281 866 B.
310 800 376 881 165,
401 816 451 863 20.
494 780 627 891 Παρίτω
649 774 784 884 μοικαὶ
813 794 1086 887 Δημοσθένης
1107 800 1166 863 νῖν
1188 792 1232 863 «tv
1254 796 1356 864 alnoiv
1378 802 1466 862 οἰκει-

141 892 259 1002 ότερον,
274 908 317 990 οἷς
331 910 526 1002 περιρρήξας
539 911 599 977 τὸν
621 906 804 995 χιτωνίσκον
826 908 843 975 ὃ
859 915 983 996 οἰκέτης
997 911 1099 985 ξαίνει
1110 905 1195 974 κατα
1209 905 1312 976 νώτου
1329 905 1466 985 πολλάς.

144 1021 227 1084 Citat
248 1022 343 1088 Dem.
366 1019 405 1085 de
428 1021 495 1085 fals.
520 1021 579 1104 leg.
601 1037 674 1100 403,
698 1037 716 1083 2
739 1057 780 1065 -
802 1017 956 1107 εἰπούσης
978 1045 1009 1083 τι
1031 1029 1086 1085 καὶ
1115 1016 1317 1108 δακρυσάσης
1345 1019 1466 1102 ἐκείνης

143 1131 336 1222 περιρρήξας
357 1132 415 1200 τὸν
436 1146 625 1217 χιτωνίσκον
648 1128 666 1198 ὅ
689 1137 809 1214 οἰκέτης
831 1135 931 1207 ξαίνει
952 1127 1038 1196 κατά
1061 1134 1122 1197 τοῦ
1142 1128 1246 1198 νάτου
1269 1127 1410 1209 πολλάς·

245 1258 456 1343 Exemplum:

244 1371 279 1435 B.
307 1387 375 1448 102,
399 1358 442 1452 7.‘
470 1366 626 1468 Ἀθήνησι
652 1375 713 1453 μὲν
743 1360 803 1439 οὖν
832 1370 868 1436 ἐν
890 1382 963 1447 ταῖς
995 1381 1144 1454 πομπαῖς
1177 1365 1257 1436 ἄνευ
1288 1366 1466 1458 προσώπου

142 1481 306 1567 κωμάζειν
328 1479 450 1560 ὄνειδος
466 1482 639 1564 ἐνομίζετο.
663 1500 686 1546 ε,
704 1489 768 1545 not.
795 1494 821 1560 5.
850 1479 941 1541 Bois:
966 1478 1147 1555 „Invehitur
1168 1478 1403 1541 Demosthenes
1426 1476 1466 1543 de

143 1593 222 1655 falsa
236 1593 295 1676 leg.
321 1595 341 1672 ξ
358 1594 397 1655 28
422 1590 503 1676 [433,
527 1587 581 1675 22]
604 1592 636 1654 in
652 1589 963 1662 AeschinIsaIfinem
980 1580 1182 1680 Κορηβίωνα,
1205 1611 1301 1672 quern
1319 1590 1460 1679 κατάρα·

141 1730 199 1770 τον
230 1714 334 1779 vocat,
366 1702 399 1783 ὃς
428 1704 465 1769 ἐν
494 1717 567 1782 ταῖς
599 1716 749 1788 πομπαῖς
780 1699 860 1769 άνευ
889 1705 949 1769 τοῦ
974 1699 1151 1791 προσώπου
1189 1699 1339 1785 κωμάζει.
1394 1701 1465 1764 Huc
1564 1774 1567 1780 Ι

140 1815 279 1897 respexit
302 1814 499 1879 Choricius.“

220 1924 321 1996 ,Loci
344 1927 458 2008 quibus
487 1926 649 1989 Choricius
673 1925 811 1986 imitatus
840 1931 888 1986 est
911 1922 1001 1985 locos
1029 1921 1123 1985 Deru.
1155 1940 1201 1987 or.
1230 1918 1271 1984 de
1294 1921 1362 1984 sals.
1388 1921 1466 2006 leg.:

245 2036 281 2100 G.
305 2051 376 2114 224,
398 2037 466 2115 VII,
489 2055 510 2119 9
531 2045 596 2101 not.
632 2050 679 2096 12.
723 2045 777 2100 καὶ
802 2033 921 2112 ,μάλει
951 2034 1082 2100 παῖδάί
1108 2042 1164 2098 καὶ
1190 2031 1389 2118 ,μάχαιράν
1417 2057 1466 2111 τις

141 2148 296 2231 ηερετωίὶ
324 2142 366 2208 de
393 2145 461 2212 Ials.
493 2147 553 2231 leg.
584 2160 658 2225 402,
690 2145 739 2206 28.
769 2156 823 2211 καὶ
849 2142 966 2222 ,κάλει
994 2144 1128 2211 παῖδά(
1155 2154 1211 2209 καὶ
1240 2142 1387 2228 ,λμάντα
1416 2170 1466 2221 τις

96 2274 100 2279 ’
142 2258 299 2344 (μερίτω“,.
521 2258 532 2279 '

245 2366 280 2428 G·
303 2367 354 2446 64,
376 2365 400 2442 Ι,
431 2383 466 2428 2:
495 2366 767 2456 ὑπορρεούσης
791 2362 843 2433 uisi
864 2372 950 2434 κατ’
978 2364 1116 2448 ὀλίγον
1145 2368 1202 2449 τῆς
1232 2361 1348 2454 οἷρετῆς
1375 2372 1407 2425 et
1431 2361 1464 2424 F.

144 2491 215 2552 220,
240 2493 279 2555 3:·
296 2483 510 2567 φθειρομένου
532 2476 596 2568 γάρ
618 2475 676 2544 του
698 2478 921 2565 στρατοπέδου
937 2486 993 2542 καὶ
1007 2473 1111 2543 κατά
1133 2475 1279 2564 μικράν
1300 2473 1465 2565 ὑπορρέ-

118 2613 275 2666 ,οντοςς
297 2587 392 2650 Deru.
416 2586 481 2651 fals,
497 2587 556 2672 leg.
578 2603 651 2667 412,
678 2605 729 2666 13:
752 2584 774 2675 η
796 2587 876 2671 δ’ἕηί
892 2583 1031 2654 ἑκάστου
1045 2585 1168 2654 τούτων
1190 2584 1335 2677 άμαρτία
1357 2587 1465 2652 κατά

139 2694 289 2787 μικράν
312 2694 581 2787 ὑπορρέουσα.

244 2824 278 2890 F.
303 2839 374 2906 215,
401 2842 496 2888 1-2:
518 2825 614 2893 τοῦτο
635 2824 699 2914 γάρ
723 2826 789 2893 ἔστι
810 2825 848 2891 τό
875 2821 1028 2910 λαμπρὸν
1052 2823 1324 2910 τηςιέπιθυμίας
1350 2821 1459 2913 τεκμη·

141 2961 218 3022 ριον.
270 2934 407 2999 Exstant
436 2936 516 3001 haec
546 2945 619 3019 post
647 2935 926 3019 interrogationem
963 2931 1078 2998 eodem
1117 2930 1214 2995 modo
1249 2941 1346 3014 atque
1378 2931 1462 3016 apud

141 3043 237 3109 Dem.
262 3045 329 3109 fals.
353 3047 413 3131 leg.
439 3062 509 3128 377,
534 3063 573 3128 27
597 3057 628 3110 et
649 3061 722 3125 430,
746 3060 803 3125 27:
826 3045 923 3112 τοῦτο
945 3042 1008 3135 γάρ
1030 3045 1099 3110 ἐστι
1119 3044 1156 3111 τὸ
1178 3042 1339 3134 λαμπρόν.

244 3171 280 3234 G.
312 3173 363 3249 80,
392 3171 474 3251 XIII,
507 3192 538 3240 1:
568 3181 612 3252 εἰς
642 3174 679 3239 δὲ
708 3172 765 3260 την
794 3170 978 3263 πανήγυριν
1013 3170 1134 3255 ταύτην
1162 3167 1294 3249 πάντας
1322 3171 1398 3249 τούς
1427 3172 1465 3239 ἐν

139 3284 226 3349 τέλει
246 3281 419 3369 συνήγαγες
441 3288 581 3363 πολίτας
599 3280 707 3368 θ’άμα
736 3280 982 3365 κάστυγείτονας
1004 3333 1014 3351 .
1038 3330 1045 3344 .
1069 3332 1076 3345 .
1100 3285 1215 3349 ἑστιῶν
1240 3276 1388 3360 δἀὖτούς
1409 3293 1466 3349 καὶ

141 3394 209 3457 κτλ.
232 3388 272 3453 de
295 3391 361 3457 fals
385 3392 445 3477 leg.
468 3410 540 3473 401,
567 3412 623 3473 14:
647 3402 692 3475 εἰς
716 3396 752 3460 δὲ
773 3390 833 3481 την
854 3400 978 3460 θυσίαν
1001 3391 1127 3480 ταύτην
1156 3402 1212 3457 καῖ
1232 3392 1293 3478 την
1321 3391 1459 3481 πανηγυ-

141 3529 193 3587 ριν
213 3501 344 3580 πάντας
364 3503 439 3582 τούς
461 3518 607 3589 τεχνίτας
629 3496 818 3593 συνήγαγεν,
841 3507 958 3571 ἑστιῶν
978 3501 1130 3581 δἀάτούς
1152 3513 1206 3569 καὶ
1227 3505 1293 3569 κτλ.

246 3628 465 3693 Elocutiones:

246 3739 281 3803 Β.
305 3739 355 3819 78,
380 3757 415 3820 3:
438 3746 493 3809 ἴσα
515 3747 692 3820 βαίνουσαι
714 3742 755 3840 τῇ
775 3743 926 3833 μελῳδίᾳ.
973 3740 1159 3804 Coniunctio
1174 3742 1356 3818 verborum,
1373 3738 1460 3825 quod

143 3851 242 3912 seiam
271 3869 429 3932 nusquam
452 3852 618 3915 invenitur
650 3853 708 3915 nisi
742 3849 828 3934 apud
860 3852 956 3915 Dem.
989 3853 1020 3914 in
1050 3872 1094 3914 or.
1129 3848 1161 3917 d.
1194 3851 1216 3915 1.
1250 3851 1269 3914 l.
1302 3868 1375 3931 442,
1409 3853 1461 3920 16:

143 3964 198 4027 ἴσα
222 3964 351 4037 βαίνων
372 3964 549 4029 Πυθοκλεῖ.

246 4069 280 4132 G.
299 4071 349 4147 80,
366 4068 448 4148 XIII,
469 4090 501 4135 1:
518 4077 705 4162 φιλοτησίας
719 4085 894 4164 προτείνων
909 4072 1016 4136 Graux
1032 4072 1166 4135 correxit
1181 4073 1212 4134 in
1228 4074 1460 4163 „nporrlvov.“

142 4179 287 4243 Imitatus
320 4190 368 4243 est
401 4181 494 4246 Dem.
519 4182 537 4245 1.
562 4182 580 4249 l.
605 4183 676 4262 380,
700 4184 749 4245 28.
794 4184 913 4266 Optimi
935 4182 1162 4248 Demosthenis
1190 4179 1315 4245 codices
1338 4183 1456 4248 habent

144 4289 313 4353 lectionem
336 4287 549 4383 ripariorum-¹)

247 4401 282 4463 F.
312 4418 383 4482 214,
411 4416 464 4483 25:
497 4401 567 4469 ἀλλ’
598 4402 693 4471 άπλοῖ
728 4432 763 4470 τε
783 4402 858 4471 ’καῖ
889 4406 999 4472 δίκαια
1029 4402 1108 4496 πρὸς
1142 4404 1261 4483 ἑαυτὸν
1297 4401 1461 4490 Ἀχιλλειλς

43 4538 47 4543 ·
144 4514 339 4590 διαλέξεται.
361 4510 401 4575 de
424 4513 443 4578 f.
466 4512 485 4577 I.
506 4529 579 4592 404,
604 4529 660 4576 22:
684 4511 704 4602 ἦ
726 4520 786 4599 μὲν
806 4525 916 4603 τοίνυν
934 4516 1048 4582 δικαία
1062 4525 1119 4582 καῖ
1134 4513 1227 4603 οἱπλῆ
1250 4511 1471 4600 (άπολογία).’

145 4654 448 4668 *—

247 4733 268 4796 1)
289 4733 363 4781 Hanc
397 4732 519 4797 genuinae
548 4732 660 4783 lectionis
689 4739 833 4806 προπίνειν
857 4737 881 4784 in
916 4740 1069 4805 προτείνειν
1095 4736 1299 4801 depravationem
1334 4740 1409 4789 etiam
1436 4738 1462 4790 in

144 4818 243 4884 Libanii
260 4817 396 4881 codicibus,
413 4827 440 4869 ut
457 4826 476 4872 t.
494 4820 539 4881 IV,
558 4819 599 4882 48,
623 4832 654 4881 14
670 4826 696 4869 et
713 4822 771 4883 226,
793 4834 830 4882 11,
849 4837 901 4870 non
915 4821 991 4870 semel
1008 4821 1111 4870 inveniri
1126 4822 1268 4873 Foersterus
1279 4838 1378 4875 mecum
1396 4841 1462 4876 eom·

145 4904 286 4955 municavit.
