3542 5634
695 500 906 558 -41.-

82 713 94 732 ·
143 707 197 760 νος
220 681 318 747 δαῖτα
341 679 484 772 δχορήχει
499 681 681 772 βασιλικήν,
705 679 794 765 (τότε
807 679 871 771 χοῖρ
886 676 926 749 οδ
947 675 1219 769 μετρίωςδτρύφα
1240 676 1277 746 τό
1293 673 1460 766 Μηδικόν)

145 789 163 855 ὅ
179 791 214 857 δὲ
230 789 324 860 ούδὲν
338 789 559 882 οἷπειρόκαλον
570 790 762 877 ἐπεπόνθει,
779 791 854 861 οὐδὲ
868 791 940 860 οἶον
955 790 1095 876 πάσχειν
1109 793 1194 876 φιλεῖ
1207 789 1330 867 παιδδς
1342 785 1461 877 ῆλικία,

144 897 230 969 ῶλλοὲ
262 899 429 994 ἁβρότητα
469 901 618 992 Μηδικήν
656 916 729 995 περὶ
770 901 942 982 δλοὶσσονος
974 902 1071 974 ἔθετο
1114 904 1264 990 Περσικῆς
1301 898 1462 978 εὐτελείας

144 1011 277 1106 ἷμφύτῳ
301 1024 374 1106 περὶ
399 1014 440 1081 τῶ
470 1019 548 1083 οἴκοι
576 1015 786 1103 κατεχόμενος
819 1017 927 1106 ἔρωτι.
970 1012 1024 1098 (cs.
1055 1022 1119 1076 not.
1145 1015 1190 1093 5.)
1240 1009 1327 1113 Χεω.1
1348 1009 1462 1094 Cyrop.

143 1122 167 1200 Ι,
192 1140 221 1204 3,
242 1142 273 1203 4.
324 1125 458 1190 Mutavit
488 1126 672 1191 narrationis
705 1124 961 1209 Xenophonteae
988 1124 1096 1200 verba,
1125 1143 1193 1187 rem
1221 1141 1286 1184 non
1318 1120 1461 1184 mutavit.

249 1308 434 1386 Imitationis
461 1321 610 1406 exempla
630 1331 702 1386 sunt
724 1320 789 1385 duo
811 1341 852 1384 ex
873 1318 1102 1404 Xenophonte:

243 1459 278 1522 B.
307 1472 353 1540 15,
390 1474 437 1541 17.
480 1454 515 1526 ‘0
548 1454 646 1538 αότδς
678 1472 786 1527 τοίνυν
818 1446 912 1536 οδτος
947 1456 1025 1536 θεὸς
1055 1452 1086 1538 (’
1076 1452 1260 1535 Απόλλων)
1295 1449 1375 1542 πρδς
1407 1448 1465 1520 τόν

144 1569 249 1639 αὐτῶν
263 1567 370 1660 ἄνδρα
387 1567 554 1662 (Κροῖσον)
579 1567 778 1654 πυθόμενον,
800 1563 889 1647 δπως
911 1564 955 1636 ῶν
975 1562 1114 1652 εδτυχῶς
1143 1567 1274 1632 διέλθοι
1299 1561 1357 1631 τδν
1378 1567 1462 1645 βίον,

142 1681 320 1763 ,,Σαυτδν“
349 1681 409 1766 ἔφη
430 1680 622 1765 ,,χινῶσκων,
650 1677 823 1764 εὐδαίμων,
848 1688 970 1768 Κροῖσε,
995 1676 1177 1769 περάσεις.“
1224 1671 1322 1759 Apud
1354 1671 1463 1738 Xeno-

143 1791 298 1875 phontem
315 1791 429 1877 Cyrop.
445 1791 512 1868 VH,
523 1807 551 1868 2,
564 1806 605 1854 20
615 1789 734 1853 oraculi
750 1798 823 1852 sunt
840 1789 939 1852 verba
954 1785 1067 1851 eadem
1084 1796 1115 1851 et
1126 1787 1198 1871 Cyri
1213 1786 1465 1869 interrogationis

143 1901 319 1969 simillima:
346 1914 381 1968 τί
398 1899 441 1971 ῶν
469 1905 573 1969 ποιῶν
602 1901 659 1968 τδν
681 1900 797 1969 λοιπδν
826 1904 899 1979 βίον
919 1896 1198 1984 εύδαιμονέστατα
1228 1899 1465 1983 διατελέσαιμι.

245 2012 280 2078 Β.
308 2030 376 2094 193,
402 2030 448 2093 19.
472 2011 492 2100 ῆ
515 2014 551 2080 δὲ
573 2022 639 2104 χεὶρ
660 2011 939 2101 ἐπηκολούθησεν,
964 2010 1006 2091 ῶς
1027 2010 1047 2101 ἡ
1067 2015 1126 2081 τού
1146 2004 1350 2099 Ἀβραδοῖτου
1372 2056 1380 2073 .
1402 2057 1409 2071 .
1431 2055 1465 2075 ..

150 2122 393 2209 καθαχιοῖζοντι
413 2134 467 2191 καὶ
490 2121 664 2216 δσιουμένῳ
687 2122 728 2190 τοὶ
751 2125 853 2208 φίλιαΙ
888 2124 959 2190 εἶτα
982 2123 1104 2202 ἐκεῖνος
1130 2133 1186 2190 καὶ
1208 2125 1255 2217 τῶ
1283 2129 1387 2220 λοιπῆ
1407 2130 1467 2196 τού
1539 2219 1542 2223 1

70 2275 74 2282 -
144 2231 291 2320 σῶματος
307 2236 366 2323 τήν
379 2253 470 2326 χεῖρα
486 2234 645 2325 ἐφήρμοσε
659 2246 715 2301 καὶ
730 2256 871 2325 προσεπι
889 2284 915 2297 ..
931 2282 937 2297 .
953 2238 1020 2303 τῶν
1040 2235 1147 2320 μελῶν
1169 2237 1394 2319 δπιθυσιοὶσας
1417 2242 1466 2330 τῆ

145 2348 261 2438 πολλῆ
291 2367 348 2414 σου
377 2351 482 2438 νεκρῆ
508 2356 563 2413 καὶ
592 2343 754 2429 α’χασθεῐς
788 2352 848 2432 μὲν
876 2350 932 2435 τῆς
960 2344 1105 2431 εύφυΐας,
1136 2348 1305 2432 ἐκπλαγεὶς
1334 2350 1371 2418 δὲ
1400 2349 1466 2419 τῶν

144 2456 340 2546 τραυμάτων
356 2511 362 2524 .
376 2510 383 2523 .
396 2505 403 2519 .
417 2456 555 2540 εὐγενῶς
570 2456 590 2545 ῆ
605 2454 693 2547 μοῖχη
708 2459 892 2525 διέσπασεν.
916 2468 981 2520 not.
997 2456 1027 2529 6,
1050 2459 1198 2541 Sequitur
1212 2457 1463 2544 Xenophontem

150 2567 312 2654 Cyr.V11,
338 2586 366 2649 3,
390 2570 418 2631 8.

249 2678 329 2742 Loci
351 2680 465 2764 quibus
487 2677 738 2764 Xenophontem
760 2681 984 2764 transscripsit:

250 2789 285 2854 Β·
302 2805 353 2872 77»
373 2807 420 2853 11.
443 2790 503 2860 νύν
525 2793 569 2872 δέ,
590 2786 645 2859 ’ότε
666 2790 844 2881 πανήγυρίς
858 2819 893 2858 τε
908 2790 1084 2879 πολυτελής
1099 2801 1155 2859 καὶ
1169 2796 1288 2882 τρυφῆς
1312 2805 1468 2878 γέμουσαι

147 2901 312 2992 τράπεζαι
332 2907 509 2987 πανταχοῦ
530 2902 659 2971 πολλῶν
679 2909 739 2987 μὲν
760 2901 942 2987 ὀψοποιῶν,
965 2906 1100 2971 πολλῶν
1122 2904 1158 2970 δὲ
1178 2901 1254 2992 ήμῐν
1276 2902 1467 2990 οἰνοχόων

147 3010 252 3101 δεήσει
285 3018 454 3106 κομψῶς
487 3041 530 3081 τε
561 3024 633 3081 καὶ
665 3009 930 3101 εδσχημόνως
963 3014 1271 3100 οἰνοχοούντων.
1325 3015 1468 3080 Imitatur

151 3123 320 3187 manifesto
350 3122 592 3208 descriptionem
623 3123 765 3188 luxuriae
787 3122 965 3202 Medorum,
999 3146 1096 3210 quam
1123 3122 1263 3211 depingit
1284 3124 1468 3211 Xenophon

150 3234 221 3319 Cyr.
240 3233 263 3312 I,
288 3251 315 3315 3,
340 3237 369 3312 8,
393 3255 466 3299 cum
489 3235 673 3319 loquentem
697 3236 769 3299 iacit
783 3235 963 3320 Astyagen:
989 3232 1058 3322 Οδχ
1075 3235 1151 3326 δρᾷς
1175 3286 1182 3301 .
1206 3286 1215 3302 .
1238 3283 1245 3300 .
1270 3236 1313 3318 ῶς
1335 3242 1468 3317 καλῶς

148 3352 332 3430 οίνοχοεί
350 3356 418 3413 καὶ
438 3345 701 3436 εὐσχημόνως
711 3377 722 3428 ;
750 3353 781 3415 οί
802 3348 839 3413 δὲ
859 3351 925 3415 τῶν
946 3351 1107 3426 βασιλέων
1127 3344 1252 3417 τούτων
1281 3348 1468 3435 οἰνοχόοι

147 3462 316 3542 κομψῶς
354 3485 397 3525 τε
433 3459 685 3543 οἰνοχοοῦσι.
739 3456 921 3550 Ὀψοποιός
954 3459 1147 3522 vocabulum
1180 3461 1297 3543 passim
1331 3460 1362 3524 in
1395 3459 1466 3545 Cyr.

145 3568 260 3652 legitur
281 3567 432 3632 similibus
454 3568 548 3635 locis:
570 3570 610 3647 V,
636 3584 663 3650 5,
688 3586 743 3652 393
764 3567 845 3646 VIII,
869 3572 899 3647 8,
924 3586 973 3633 20.

248 3680 284 3746 F.
300 3680 370 3759 226,
387 3697 432 3744 10.
449 3678 560 3749 Ἔνθα
575 3677 638 3770 χοῖρ
652 3678 673 3768 ή
687 3679 779 3767 φύσις
793 3695 898 3772 κυρία,
911 3680 1021 3751 πόνων
1034 3677 1073 3751 οδ
1087 3683 1143 3749 δεῖ*
1157 3682 1225 3752 οἷον
1240 3678 1281 3751 οδ
1293 3684 1397 3749 δεῑται
1409 3678 1468 3748 πό·

149 3818 207 3860 νου
221 3790 306 3876 θεός,
318 3789 409 3871 δπως
422 3790 597 3873 οἷθοῖνατος
613 3797 670 3879 εἴη,
685 3803 840 3878 πέφυκε
854 3793 938 3884 χοὶρ,
955 3792 1031 3861 οὐδὲ
1042 3791 1203 3883 πειρᾶταί
1213 3820 1261 3872 τις
1276 3789 1469 3884 οἷνθρῶπων
1522 3780 1526 3786 ’

146 3902 236 3969 εἶναι
258 3902 346 3982 θεός,
375 3901 421 3972 ου’
443 3915 596 3989 πέφυκε
616 3901 701 3991 γάρ.
747 3904 875 3968 Habere
896 3905 976 3967 haec
998 3905 1178 3968 imitationis
1201 3902 1461 3988 Xenophonteae

146 4012 278 4097 (Cyrop.
294 4014 335 4090 V,
354 4030 380 4091 1,
401 4014 448 4097 ιο)
473 4034 623 4098 expressa
644 4016 776 4099 vestigia
798 4015 861 4078 iarn
883 4014 1043 4078 Polakius.
1068 4015 1087 4080 l.
1111 4035 1137 4078 c.
1160 4035 1191 4099 p.
1216 4016 1273 4077 281
1299 4015 1357 4078 ult.
1380 4023 1466 4080 recte

147 4121 324 4189 admonuit.
357 4122 579 4210 Xenophontis
594 4127 785 4237 verbahapc
801 4137 888 4190 sunt:
912 4125 1001 4218 ὁρᾷς,
1024 4125 1095 4212 ἔφη,
1118 4127 1155 4192 τδ
1177 4132 1254 4217 πῆρ,
1276 4123 1321 4205 ῶς
1338 4124 1468 4205 πάντας

146 4236 260 4322 δμοίως
282 4233 373 4330 κηιέι,Ι
395 4249 553 4323 πέφυκε
573 4236 650 4325 χοέρ
672 4244 828 4316 τοιοῦτον,
852 4247 970 4322 etpost
986 4251 1102 4322 pauca:
1125 4244 1156 4305 εἶ
1168 4239 1257 4322 δέχ’,
1274 4236 1345 4325 ἔφη,
1368 4233 1465 4320 νόμος

146 4356 260 4437 τεθείη
282 4347 325 4436 μῆ
350 4348 523 4427 ἐσθίοντας
544 4349 588 4436 μῆ
611 4355 728 4438 πεινῆν
749 4360 804 4417 καὶ
824 4346 869 4438 μῆ
893 4363 1048 4428 πίνοντας
1074 4348 1118 4435 μῆ
1148 4350 1312 4438 διψῆν
1338 4397 1345 4410 .
1368 4345 1469 4427 οὐδεὶς

144 4457 190 4528 ῶν
221 4458 317 4545 νόμος
356 4462 554 4549 δυνηθείη
589 4461 848 4551 διαπράξασθαι
881 4467 989 4531 ταῦτα
1029 4466 1216 4529 πείθεσθαι
1257 4458 1468 4549 ἀνθρώπους·

144 4567 355 4655 πεφύκασι
376 4571 455 4663 χοίρ
477 4569 541 4639 ύπδ
565 4570 690 4641 τούτων
712 4580 916 4665 κρατεῖσθαι.

246 4680 281 4743 F.
306 4696 375 4763 237,
399 4682 428 4748 6.
457 4682 525 4751 ἔστι
547 4686 583 4752 δὲ
603 4681 723 4769 ταύτης
752 4695 843 4768 (καὶ)
872 4681 894 4768 ῆ
916 4686 1080 4771 Πολυξένη
1102 4687 1159 4770 τῆς
1180 4679 1320 4768 χνῶμης.
1343 4677 1384 4758 ῶς
1404 4674 1468 4769 χοέρ

141 4792 183 4859 ἐκ
203 4790 268 4861 τῶν
288 4796 467 4874 βασιλείων
483 4799 609 4882 ἕτοιμος
627 4788 667 4883 ῆν
686 4802 731 4875 εἰς
746 4795 833 4881 ύμῶς
849 4807 1010 4883 προϊέναι,
1033 4797 1198 4882 λαβομένη
1214 4819 1278 4878 μου
1293 4790 1348 4877 τῆς
1364 4790 1470 4882 χειρδς
1528 4831 1535 4859 ι

10 4910 28 5005 ’φ
140 4912 197 4970 καὶ
227 4902 323 4988 μόλις
353 4907 389 4972 ἐκ
419 4904 488 4975 τῶν
519 4906 668 4998 δακρύων
701 4902 928 4989 α’νενεχκοῶσα·
964 4904 1079 4996 πάτερ,
1111 4916 1214 4992 φησίν,
1254 4898 1371 4974 ἄλλοτε
1409 4905 1469 4987 μὲν
