3542 5634
841 497 1051 557 ..54-

396 735 401 746 .
428 738 433 750 .
459 733 464 745 .
491 738 496 748 .
522 680 596 752 053’
621 690 732 752 αἴθων
755 681 894 767 α’λοόπηξ

394 789 460 865 οῦτ
482 800 644 888 ἐρίβρομοι
666 800 791 869 λέοντες
813 793 1166 880 μεταλλάξονται
1189 786 1282 880 ἦθος.

296 907 379 976 Οῦτε
409 906 549 991 δεινότης
579 921 656 996 φησί
680 943 719 952 ·-
743 905 836 975 τοῦτο
873 907 936 994 γάρ
966 905 984 993 ἦ
1013 907 1113 994 κερδοῖ
1154 918 1304 992 σημαίνει
1345 909 1392 995 τῷ
1427 908 1545 1001 ποιητῇ
1578 941 1616 949 --

292 1018 532 1107 μετασκευάσαι
548 1019 689 1087 δύναται
709 1019 841 1105 γνώμην
864 1015 938 1085 οῦτε
964 1015 1115 1101 φόβος-
1133 1020 1226 1085 τοῦτο
1240 1015 1303 1107 γάρ
1319 1014 1335 1081 o‘
1351 1020 1434 1100 λέων
1448 1017 1617 1101 ἐμφαίνει.

295 1133 342 1213 (cf.
367 1142 430 1194 not.
461 1132 517 1212 15)
542 1158 583 1182 :r-
607 1127 694 1192 Pind.
720 1130 758 1195 O.
784 1129 839 1207 XL
864 1144 1004 1192 20-21:

396 1296 402 1307 .
427 1289 433 1300 ·
461 1297 465 1307 .
492 1289 498 1301 ·
524 1238 588 1309 αὕτ’
613 1248 723 1309 αἴθων
747 1239 882 1325 α’λοόπηξ

395 1350 462 1422 οὔτ’
484 1356 646 1440 ἐρίβρομοι
669 1357 793 1431 λέοντες
817 1352 1052 1429 διαλλάξαιντο
1074 1345 1162 1435 ἦθος.

226 1449 228 1453 ’
294 1463 417 1527 Eadem
452 1462 575 1529 Pindari
609 1466 707 1526 verba
739 1462 835 1546 paulo
874 1474 947 1545 post
981 1458 1047 1549 [13]
1081 1464 1210 1545 repetit:
1251 1460 1325 1531 οῦτε
1365 1460 1460 1550 (γάρ)
1499 1467 1617 1529 αἴθων

295 1575 431 1659 α’λοόπηξ
454 1573 520 1644 οῦδ
539 1578 704 1661 ἐρίβρομοι
723 1578 844 1651 λέοντες
866 1571 976 1653 (τοῦτο
999 1572 1042 1657 άν
1064 1573 1247 1653 δύναιντο).

396 1713 467 1774 Hoc
490 1709 604 1774 eodem
627 1711 698 1773 loco
722 1712 794 1772 citat
817 1712 875 1772 sub
898 1709 1021 1774 Pindari
1044 1714 1173 1774 nomine
1202 1712 1300 1774 verba
1333 1709 1418 1774 Pind,
1444 1713 1483 1775 Ο.
1505 1710 1527 1787 l,
1558 1714 1617 1774 18:

296 1800 366 1889 ΚαὶΙ
391 1821 456 1910 μην
480 1819 607 1911 ᾄσματ’
640 1824 707 1888 ἐστὶ
737 1823 778 1888 τὰ
814 1821 975 1909 Πινδάρου
1007 1822 1194 1908 ποιήματα,
1228 1820 1318 1888 κάπδ
1351 1828 1409 1890 τοῦ
1438 1823 1617 1892 πασσάλου

294 1935 350 2022 την
372 1933 535 2024 φόρμιγγα
558 1932 713 2009 καθελών
735 1927 813 2030 ιοἶδεν
835 1931 907 2016 δόμα
929 1935 1110 2022 κιθαρίζων
1130 1936 1172 1999 τά
1196 1937 1286 2016 μέλη,
1315 1931 1388 2000 αλλ’
1411 1931 1495 2019 ὅμως
1516 1931 1621 2013 αῦτός

293 2067 341 2110 σοι
364 2044 538 2133 διαῤῥήδην
561 2050 627 2133 βοᾷ
648 2071 690 2096 =
712 2042 798 2110 α’λλά
822 2053 955 2131 Δωρίαν
977 2042 1045 2110 άπδ
1070 2044 1234 2133 φόρμιγγα
1259 2043 1430 2112 πασσάλου

719 2154 864 2240 λάμβαν’
893 2158 959 2220 κτλ.

392 2268 428 2329 B.
444 2283 495 2344 42,
525 2284 556 2327 11
575 2287 628 2349 sq.
667 2267 737 2334 Ποῦ
759 2280 866 2335 τοίνυν
889 2267 950 2354 την
971 2264 1124 2349 τοιαύτην
1141 2262 1252 2354 ψυχήν
1274 2263 1413 2344 εἰκάζειν
1434 2266 1492 2355 χρη
1515 2296 1617 2335 κατα-

291 2379 396 2457 λῦειν;
422 2372 443 2463 ἧ
466 2380 563 2464 δῆλον
584 2375 625 2456 οἷς
648 2380 684 2444 ἐν
706 2380 835 2460 λειμῶνι
858 2382 987 2467 τερπνῷ
1019 2390 1229 2462 ψυχαγωγίας
1260 2390 1391 2463 γέμοντι
1415 2391 1469 2444 καὶ
1492 2379 1618 2468 ῥᾳστοὶ·

269 2466 354 2572 ρης,
387 2491 495 2556 ἔνθα
527 2503 697 2575 μετρίας
726 2516 762 2555 τε
791 2503 887 2557 πνεῖν
921 2486 1091 2580 αῦραςῙ)
1123 2485 1205 2567 εἰκδς
1240 2500 1296 2555 καὶ
1319 2491 1427 2577 πηγάς
1457 2491 1620 2580 καθαράς

294 2602 517 2686 καὶδιαφανῆ
553 2600 687 2684 νάματα
723 2605 790 2689 ῥεῖν
824 2612 880 2666 καὶ
911 2606 1023 2668 πᾶσαν
1051 2598 1166 2677 άπλοῖς
1192 2598 1324 2688 ἡδονήν,
1359 2598 1415 2687 δ’ση
1448 2599 1620 2684 λειμώνων

294 2715 380 2778 ἐστὶν
400 2708 575 2800 εῦφροσῦνη
598 2715 662 2777 κτλ.
719 2711 791 2773 Hoc
814 2711 885 2774 loco
909 2721 1035 2793 praeter
1056 2710 1197 2773 Platonis
1220 2708 1355 2773 Phaedri
1379 2711 1500 2773 initium
1533 2711 1620 2774 cele-

293 2823 463 2884 berrimum
493 2823 630 2904 respexit
652 2819 739 2894 Pind.
764 2823 803 2884 Ο.
828 2821 862 2898 ΙΙ,
888 2826 927 2902 78
951 2844 996 2905 sq.
1013 2806 1060 2886 'de
1083 2824 1250 2886 beatorum
1273 2822 1375 2884 insula
1397 2843 1521 2884 versus:

394 3007 400 3019 .
424 3006 431 3022 .
455 3007 460 3018 .
486 3003 493 3017 .
516 2960 604 3025 ἔνθα
627 2957 786 3046 μακάρων

394 3069 489 3146 νοῦσος
513 3065 682 3149 οῦκεανίδες

395 3175 447 3249 αῦ
455 3209 524 3271 ραι
547 3194 781 3268 περιπνέοισιν)
805 3178 940 3266 άνδεμα
963 3184 997 3248 δὲ
1021 3188 1141 3273 χρυσοῦ
1164 3186 1280 3267 φλέγει,

294 3312 342 3371 80.
367 3308 408 3375 τά
431 3319 493 3394 μὲν
517 3308 677 3400 χερσόθεν
700 3310 758 3377 αἴτι’
781 3309 916 3393 άγλαιῦν
938 3311 1105 3393 δενδρέων,

394 3416 501 3508 ῦδωρ
525 3419 643 3487 δ’άλλα
666 3428 786 3514 φέρβει,

396 3527 522 3620 ῦρμοισι
546 3537 610 3599 τῶν
633 3545 728 3621 χέρας
751 3531 972 3600 οἷναπλέκοντι
996 3543 1051 3597 καὶ
1073 3531 1218 3615 κεφαλάς

397 3648 533 3722 βουλαῖς
556 3647 591 3711 ἐν
615 3642 746 3733 ὀρθαῖσι
767 3642 1021 3727 Ῥαδαμάνθυος
1044 3646 1109 3708 κτλ.

398 3754 433 3816 Β.
462 3770 528 3829 110,
551 3773 580 3834 9,
611 3765 675 3817 not.
703 3770 726 3834 5.
764 3752 815 3821 άεῑ
844 3760 897 3842 τῆς
931 3750 1091 3842 παρούσης
1122 3751 1246 3840 ἡλικίας
1265 3750 1397 3835 οἶμείνω
1429 3766 1625 3837 κεκτημένος

296 3865 352 3931 τὸν
374 3871 459 3941 νοῦν,
487 3868 523 3934 ἐν
545 3877 642 3932 παισὶ
664 3873 724 3950 μὲν
746 3879 813 3944 νέος
844 3866 903 3952 την
933 3864 1094 3953 φρόνησιν,
1124 3865 1160 3930 ἐν
1190 3864 1226 3927 δὲ
1254 3876 1429 3947 μειρακίοις
1458 3862 1549 3953 οἷνήρ,
1582 3867 1625 3932 ἐν

297 3971 436 4063 τίνδράσι
460 3977 495 4041 δὲ
517 3990 629 4059 γέρων.
667 3978 820 4060 Respexit
843 3975 923 4040 duos
938 3973 1118 4038 Pindaricos
1142 3975 1238 4037 lo'cos.
1262 3973 1358 4049 Psv,
1389 3990 1567 4053 109-110:

398 4098 550 4174 κρέσσονα
573 4096 632 4172 μὲν
654 4085 783 4167 άλικίας

399 4197 473 4266 νόον
494 4205 648 4287 φέρβεται

298 4336 328 4386 et
351 4315 383 4389 P.
408 4325 464 4400 IV,
490 4329 545 4388 281
573 4347 635 4410 sq.:

401 4484 567 4501 ......
594 4455 692 4515 κεῖνος
714 4439 776 4526 γάρ
800 4441 836 4504 ἐν
859 4446 977 4503 παισὶν
1000 4449 1078 4513 νέος,

400 4551 435 4615 ἐν
459 4550 492 4614 δέ
516 4552 648 4626 βουλαῖς
671 4554 811 4637 πρέσβυς
835 4546 1003 4633 ἐγκύρσαις
1026 4550 1091 4611 κτλ.

299 4657 346 4719 Cs.
371 4659 405 4719 B.
429 4674 488 4739 4‚5
515 4680 559 4741 sq.

401 4933 423 5000 ¹)
442 4934 478 4984 cf.
497 4951 523 4999 p.
542 4946 582 4997 27.
