3542 5634
645 528 875 609 .-3⁷·-

214 707 249 775 B.
278 724 329 789 92,
359 725 413 770 22:
441 717 505 773 not.
541 725 588 787 14.
622 707 791 794 ὀφθαλμοὶ
819 707 900 798 γάρ,
931 722 1040 794 φασίν,
1064 704 1154 779 ὤτων
1185 708 1373 802 πιστότεροι
1405 723 1438 778 et

112 817 150 880 G.
175 834 245 895 221,
269 818 322 895 VI,
350 835 396 897 14,
419 828 484 884 not.
508 834 565 898 24:
587 817 670 888 Ἀλλ’
692 817 788 906 οἷκοῆς
811 817 980 905 όφθαλμοῐ
1002 818 1104 910 δρῶσί
1121 847 1154 886 τι
1176 823 1279 889 πλέον
1286 851 1297 902 ,·

215 955 250 1019 Β.
274 957 345 1036 287.
379 954 468 1039 frgm.
498 953 565 1035 ht':
592 952 665 1040 ἅμα
686 956 750 1045 γάρ
770 950 884 1035 όπλοις
905 957 1110 1041 ἕκδυομίνοις
1140 956 1349 1025 συνεκδύεται
1382 971 1437 1026 καὶ

110 1066 171 1134 τόν
199 1066 311 1150 θυμόν
347 1065 440 1153 α’νήρ.
486 1065 674 1142 „Manifesto
707 1066 863 1150 expressit
893 1062 1104 1145 Herodotum,
1139 1064 1224 1150 apud
1246 1087 1344 1151 quem
1373 1067 1437 1145 I,8

112 1174 284 1239 Candaulis
300 1186 332 1239 et
347 1177 442 1261 Gygis
464 1176 629 1240 historiam
652 1187 834 1242 narrantem
857 1175 970 1240 dicitur
992 1177 1109 1241 femina
1126 1197 1199 1241 curn
1214 1178 1277 1241 suis
1293 1180 1437 1243 vestibus

108 1287 172 1373 τῂν
194 1290 278 1355 αἰδοῖ
299 1280 570 1356 σονεκδύεσθαι.“
611 1287 733 1355 Villois.
761 1288 863 1352 Recte
894 1289 941 1350 vir
971 1285 1082 1352 doctus
1111 1285 1284 1356 adnotavit.
1329 1290 1438 1355 Verba

109 1396 298 1461 Herodotea
320 1406 392 1462 suut
414 1398 511 1464 haec:
543 1394 615 1483 άμα
646 1399 681 1465 δὲ
708 1401 830 1479 ardoini
857 1399 1036 1491 ἐκδυομένῳ
1060 1398 1269 1469 συνεκδύεται
1292 1411 1348 1467 καὶ
1378 1402 1438 1490 τήν

108 1511 197 1578 αἰδοῖ
217 1509 306 1597 γυνή.
350 1509 513 1593 Respicias
535 1509 725 1593 positionem
748 1509 937 1573 verborum!

215 1647 359 1731 Singula:

214 1774 249 1837 F.
270 1791 341 1855 209,
369 1788 415 1855 15.
438 1772 557 1863 άνδρδς
579 1767 706 1862 ιδραίαν
729 1827 735 1840 .
761 1827 767 1839 .
793 1827 799 1840 .
823 1773 931 1839 παῖδα
952 1781 986 1835 et
1007 1772 1044 1837 B.
1068 1788 1138 1853 223,
1166 1774 1212 1841 16.
1236 1774 1352 1864 οἷνδρδς
1372 1783 1434 1859 μὲν

107 1883 247 1971 ὦραίαγ.
278 1885 465 1948 Foersterus
488 1885 551 1946 iam
574 1881 738 1947 adnotavit
761 1883 936 1966 sophistam
959 1884 1039 1947 haec
1063 1884 1235 1967 sumpsisse
1257 1905 1298 1948 ex
1320 1885 1396 1948 Her.
1412 1884 1435 1963 Ι,

110 2011 191 2076 107:
213 1997 332 2065 ἐοῦσαν
352 1993 413 2085 ἤδη
436 1994 551 2086 άνδρδς
574 1993 706 2085 ὦραίην.

213 2130 249 2195 Β.
270 2148 337 2212 134,
354 2147 382 2198 2.
406 2131 498 2224 ἔαρος
513 2130 765 2218 ἐπιλάμποντος.
790 2130 865 2196 Her.
879 2129 960 2208 VIII,
980 2146 1047 2212 130.
1064 2129 1157 2222 ἔαρος
1172 2130 1434 2216 ἐπιλάμψαντος.

213 2258 248 2323 Β.
268 2274 336 2340 173,
357 2275 384 2339 3.
408 2258 444 2326 τό
466 2260 526 2344 ἔαρ
549 2257 736 2344 ὑπέλαμπε.
770 2259 846 2322 Her·
862 2258 885 2336 I,
913 2274 983 2340 190.
1005 2260 1041 2325 τδ
1064 2307 1074 2325 .
1097 2307 1105 2325 .
1129 2311 1136 2325 .
1159 2258 1220 2346 ἔαρ
1243 2258 1434 2351 ύπέλαμψε.

213 2394 248 2457 Β.
274 2411 344 2476 237,
372 2412 407 2476 13
431 2415 477 2479 sq.
512 2394 591 2483 ἡδὲ
613 2398 777 2480 μέγακαὶ
799 2395 906 2464 δεινόν
928 2393 1117 2484 οἷνεβόησεν.
1155 2396 1214 2481 (sic
1243 2396 1364 2459 correxi
1395 2414 1436 2458 ex

107 2502 239 2588 άντεβ.)
261 2505 337 2572 Her,
361 2505 383 2583 Ι,
407 2507 436 2569 8.
460 2505 477 2574 ὁ
498 2509 535 2574 δὲ
556 2520 641 2591 μέγα
663 2505 821 2592 άμβάσας
842 2509 924 2574 εἶπε.
957 2506 1006 2590 (Β.
1032 2507 1103 2589 287,
1127 2507 1217 2594 srgm.
1246 2506 1315 2587 λά,
1339 2526 1435 2590 quem

106 2616 219 2680 Iocum
252 2636 347 2700 supra
377 2618 475 2697 attuli,
509 2638 550 2682 ex
581 2614 696 2682 eodem
728 2620 831 2701 capite
861 2627 1006 2704 sumptus
1035 2618 1106 2701 est.)

734 2887 809 2976 §a

427 3056 481 3116 De
504 3055 668 3117 Choricio
691 3053 909 3132 Thucydidis
932 3055 1117 3117 imitatore.

212 3237 337 3305 Nomen
372 3240 565 3328 Thucydidis
604 3245 706 3327 ipsum
745 3261 904 3327 nusquam
945 3239 1030 3326 apud
1063 3242 1246 3306 Choricium
1285 3242 1420 3326 legimus

105 3349 277 3415 Habemus
306 3362 415 3417 autem
436 3356 573 3438 primum
597 3365 733 3440 quatuor
755 3354 904 3439 exempla
930 3374 1036 3417 rerum
1058 3352 1174 3417 exilio
1197 3353 1381 3437 petitarum:

213 3487 249 3550 B·
273 3506 302 3570 9,
325 3506 354 3568 4·
375 3489 471 3560 Ἥκει
495 3492 533 3579 δὴ
555 3489 660 3560 πάλιν
682 3489 699 3557 ό
722 3494 878 3582 Περικλῆς
901 3496 1016 3581 ἑτέραν
1037 3488 1115 3578 ἡμῖν
1143 3488 1334 3580 παράθεσιν
1360 3515 1435 3578 προ-

109 3601 222 3675 ξενῶν.
270 3590 372 3679 Οδτος
402 3603 439 3670 ἐν
460 3598 524 3694 όλῳ
549 3601 638 3695 δήμῳ
660 3608 740 3669 ποτὲ
762 3602 909 3690 φορτικός
931 3598 1031 3690 ὤφθη
1065 3611 1121 3667 καὶ
1156 3599 1293 3689 σοβαρός
1321 3605 1436 3667 πάσαν
1537 3604 1540 3609 ’

107 3713 217 3801 ἑαυτῷ
238 3710 446 3801 χαριζόμενος
467 3711 593 3803 οἷρετῆν.
623 3709 750 3802 ,ῥήτωρ
772 3718 847 3798 εἰμί,
878 3715 1049 3798 λογίζομαι
1079 3711 1121 3777 τά
1151 3708 1288 3800 χρηστά,
1321 3708 1432 3798 φράζω

108 3818 147 3885 cd
170 3820 245 3888 δέον
267 3828 311 3898 εἰς
341 3821 468 3902 κάλλος,
499 3822 622 3906 οἷγαποῖ
650 3822 710 3910 τήν
740 3823 892 3910 πατρίδα,
924 3823 1121 3911 δωροδοκίαν
1142 3818 1259 3906 μισῶ.“
1303 3820 1434 3884 Libavit

108 3930 196 3992 hunc
228 3929 334 3995 Iocum
368 3953 408 3996 ex
440 3933 541 3997 Thuc.
574 3932 609 3999 II.
644 3933 696 4011 60,
733 3948 767 4015 5:
802 3946 910 4000 καίτοι
942 3933 1015 4019 ἐμοὶ
1048 3929 1183 4024 τοιούτῳ
1221 3930 1315 4022 άνδρῑ
1353 3929 1433 4016 όργί·

109 4043 218 4125 ζεσθε,
243 4039 276 4120 δς
298 4043 427 4123 οὐδενός
452 4048 561 4131 οἴομαι
583 4039 687 4132 ἥσσων
709 4045 796 4113 εἶναι
827 4049 956 4128 γνῶναί
979 4070 1015 4110 τε
1042 4044 1084 4110 τά
1115 4044 1231 4110 δέοντα
1259 4052 1315 4109 καὶ
1340 4048 1433 4133 ἑρμη·

109 4155 223 4220 νεῦσαι
256 4160 371 4238 ταῦτα,
405 4152 575 4241 φιλόπολίς
607 4182 643 4222 τε
675 4165 729 4222 καὶ
761 4154 939 4244 χρημάτων
972 4168 1130 4245 κρείσσων.
1181 4153 1280 4220 Boiss
1314 4162 1380 4216 not.
1405 4166 1432 4234 5.
1556 4162 1557 4165 ’

110 4265 172 4329 Est
197 4265 323 4328 Pen'clis
346 4266 398 4329 illa
425 4263 467 4330 ad
488 4264 701 4329 Athenienses
723 4268 834 4332 oratio,
878 4265 945 4329 Iam
969 4266 1072 4329 existit
1093 4266 1155 4329 hoc
1188 4264 1259 4328 Ioco
1290 4265 1434 4350 quaestio

110 4374 313 4454 subdifficilis,
336 4387 443 4440 utrum
466 4376 628 4441 Choricius
649 4375 870 4462 Thucydidem
904 4379 1006 4462 ipsum
1025 4378 1200 4462 respexerit
1228 4397 1269 4440 an
1296 4380 1337 4442 ab
1366 4378 1434 4442 aliis

110 4486 189 4553 illud
211 4487 251 4552 de
273 4488 398 4552 Pen'clis
421 4490 568 4572 superbia
590 4491 754 4573 acceperit.
800 4490 935 4554 Exstant
951 4498 1059 4553 autem
1081 4497 1206 4572 praeter
1220 4488 1304 4552 hunc
1326 4488 1433 4553 locum

111 4596 178 4664 duo
201 4599 261 4677 alii,
285 4600 338 4683 qui
362 4609 393 4662 et
415 4601 472 4683 ipsi
495 4596 536 4663 ad
551 4598 773 4685 Thucydidem
795 4598 936 4666 redeunt.
973 4600 1121 4683 Quorum
1144 4599 1244 4664 altero
1259 4597 1300 4662 de
1314 4600 1433 4664 Pericle

111 4712 194 4795 agit:
217 4710 251 4773 Β.
269 4724 317 4792 50,
342 4726 359 4792 3
382 4731 429 4794 sq.
452 4718 496 4777 Et
514 4710 576 4803 γάρ
595 4714 750 4802 Περικλῆς
773 4711 790 4779 δ
813 4713 1018 4812 gordanicis
1042 4711 1147 4801 ψιλήν
1172 4707 1435 4797 άποκρουόμενος

110 4823 278 4911 λοιδορίαν
310 4820 439 4900 πάντας
461 4809 648 4902 διαβαδίζει
671 4821 726 4909 τῆς
748 4822 908 4913 εύμιγμίας
931 4824 1006 4903 τοδς
1029 4823 1170 4915 τρόπους
1193 4822 1313 4891 ἑαυτόν
1335 4818 1432 4904 αδτδς

12 4944 29 5001 'r
111 4934 269 5016 ἐπαινῶν,
303 4946 347 5012 τίς
369 4930 412 5004 dv
433 4933 614 5017 ἐγκαλέσειε
634 4934 738 5028 τούτῳ
759 4952 825 5015 τοῖς
847 4931 959 5013 αδτοῑς
988 4932 1217 5026 ἐγχειρήμασιν
1249 4930 1434 5019 άπολογίαν
