3542 5634
844 502 1053 562 ..53-

276 696 364 771 'puto
386 708 460 750 eum
484 688 541 749 hos
557 683 637 749 duos
654 686 750 762 locos,
774 687 827 769 qui
844 688 942 750 etiam
957 683 1042 769 apud
1058 685 1232 747 Stobaeum
1248 693 1383 756 exstant,
1407 705 1425 746 e
1454 680 1622 762 florilegio

286 796 426 881 quodam
451 799 630 881 sumpsisse.
673 797 866 880 Philippicae
891 799 976 860 enirn
999 797 1157 859 orationes
1181 792 1383 879 dignissimae
1406 791 1616 862 videbantur,

286 929 365 992 quas
388 910 528 992 sophista
551 918 766 990 cognosceret.
1132 908 1136 914 ’

388 1035 429 1101 Χ.
452 1037 507 1100 De
530 1036 629 1100 Pace
663 1037 841 1099 orationem
870 1035 1045 1118 sophistam
1085 1035 1241 1098 lectitasse
1284 1030 1502 1096 demonstrant
1543 1026 1618 1092 duo

287 1147 356 1223 loci,
379 1146 458 1210 alter
480 1168 520 1210 ex
543 1169 583 1210 ea
604 1148 724 1223 citatus,
749 1146 828 1209 alter
850 1166 1026 1229 expressus.

388 1257 442 1321 XI.
466 1258 687 1340 Leptineae
709 1259 848 1342 quinque
871 1257 958 1320 locos
992 1267 1077 1320 certa
1100 1254 1275 1319 imitatione
1297 1254 1457 1336 expressit.
1540 1256 1545 1270 '

388 1367 455 1431 XII.
485 1368 539 1431 De
570 1369 904 1432 Chersonesiacis
944 1369 1121 1431 orationem
1156 1367 1320 1450 cognovit,
1356 1361 1444 1448 quod
1465 1359 1618 1425 'demon-

286 1488 384 1542 strant
406 1476 469 1542 duo
493 1480 565 1543 satis
589 1470 671 1542 certi*
686 1479 746 1542 loci
770 1476 843 1541 inde
866 1480 1014 1562 expressi.

388 1605 469 1672 XHl.
499 1607 548 1671 Ex
570 1607 713 1669 oratione
743 1616 884 1668 contra
906 1605 1108 1669 Boeotum
1139 1625 1203 1668 una
1232 1605 1370 1668 elocutio
1392 1623 1542 1687 expressa
1564 1603 1618 1664 in-

286 1719 420 1781 venitur.

387 1827 542 1911 Reliquae
564 1827 789 1891 Demosthenis
820 1829 988 1902 orationes,
1023 1828 1177 1909 equibus
1210 1824 1378 1889 nonnullas
1413 1825 1616 1887 elocutiones

289 1937 452 2000 Choricius
486 1940 619 2021 sumpsit
651 1958 716 2001 non
751 1948 817 2000 tam
851 1946 968 2013 certas,
1011 1946 1046 1998 ut
1080 1958 1120 1999 ex
1154 1938 1215 2013 eis,
1250 1957 1327 1999 num
1362 1956 1415 1998 eas
1450 1934 1616 1996 orationes

285 2050 477 2133 cognoverit,
502 2047 692 2112 concludere
715 2049 883 2130 possimus,
906 2048 968 2109 hae
992 2056 1079 2109 sunt:

385 2183 471 2249 XIV.
496 2205 540 2247 or.
566 2195 675 2247 contra
696 2161 1057 2268 Dionysodorum,

386 2293 457 2358 XV.
482 2295 764 2373 Timocratea,
798 2315 934 2379 quarum
957 2295 1135 2356 orationum
1161 2294 1250 2354 binas
1278 2290 1389 2374 collegi
1412 2291 1614 2353 elocutiones

286 2405 411 2468 similes.

386 2514 471 2583 XVl.
494 2517 543 2580 De
566 2517 743 2600 Philippi
767 2517 944 2601 epistola
966 2516 1008 2578 nil
1031 2517 1106 2577 certi
1129 2512 1188 2576 dici
1211 2521 1324 2597 potest.

387 2626 495 2710 Atque
517 2630 681 2703 rationem,
706 2648 770 2712 qua
793 2629 934 2711 sophista
957 2626 1209 2688 Demosthenem
1233 2625 1264 2685 in
1288 2643 1381 2707 suurn
1408 2643 1502 2684 usum
1532 2642 1613 2684 con-

286 2740 420 2815 verterit,
455 2740 481 2800 si
510 2741 701 2821 quaerimus
735 2759 800 2802 non
824 2738 927 2801 solum
955 2730 1108 2800 sermonis
1135 2736 1325 2819 elegantiam
1355 2744 1451 2816 atque
1485 2730 1616 2796 dicendi

286 2852 410 2933 copiam
443 2851 581 2912 imitatus
608 2861 664 2927 est,
695 2848 752 2913 sed
774 2852 869 2913 etiam
893 2849 1088 2912 elocutiones
1122 2847 1292 2922 rhetoricas
1316 2865 1356 2907 ex
1389 2843 1469 2906 illius
1503 2841 1614 2907 studio

286 2961 394 3024 libavit
409 2972 505 3046 atque
521 2961 730 3045 amplificavit.
767 2961 812 3023 Cf.
828 2961 861 3024 F.
878 2977 949 3037 212,
975 2961 1031 3040 283
1055 2960 1125 3034 218,
1142 2959 1177 3038 ὁ,
1201 2973 1271 3033 220,
1295 2955 1330 3036 63
1355 2972 1431 3029 21ο,
1458 2973 1509 3036 143
1533 2957 1611 3032 218,

286 3086 340 3153 253
364 3089 435 3153 219,
458 3075 493 3155 63
517 3073 553 3136 G.
579 3090 649 3153 219,
674 3071 729 3153 IX,
751 3092 787 3152 43
811 3073 846 3134 Β.
874 3088 942 3150 141,
965 3072 994 3133 6.

385 3202 550 3263 Isocratis
582 3197 660 3263 duas
684 3221 738 3264 eas
761 3202 930 3276 orationes,
963 3218 1097 3281 quarum
1128 3197 1298 3259 auctoritas
1325 3204 1454 3278 propter
1482 3203 1613 3256 senten-

282 3313 395 3374 tiarum
418 3313 596 3374 ubertatem
619 3308 703 3394 apud
726 3312 881 3394 sophistas
902 3294 1031 3392 semper
1064 3310 1204 3371 maxime
1236 3307 1368 3369 florebat
1399 3302 1613 3387 imitandique

278 3400 678 3511 ’12111121211122112121
703 3419 755 3505 (ad
785 3421 998 3484 Demonicum
1023 3429 1055 3482 et
1078 3418 1275 3502 Euagoram)
1299 3418 1437 3479 maxime
1461 3415 1610 3477 omnium

282 3532 514 3596 Isocratearum
538 3534 717 3595 orationum
740 3533 898 3615 cognovit.

383 3660 433 3722 Ex
456 3661 599 3723 oratione
622 3657 662 3722 ad
684 3660 956 3724 Demonicum
979 3654 1119 3719 laudavit
1141 3666 1204 3719 tres
1226 3656 1324 3729 locos,
1347 3673 1447 3714 unum
1473 3652 1611 3715 fortasse

283 3772 421 3834 imitatus
445 3779 500 3834 est.
619 3837 620 3840 Ἴ

384 3882 434 3944 Ex
458 3881 650 3964 Euagora
672 3901 772 3943 unum
795 3881 901 3943 locum
925 3878 1041 3951 citavit,
1066 3875 1145 3940 duos
1170 3877 1307 3938 imitatus
1330 3885 1386 3938 est.

383 3992 551 4055 Praeterea
572 3991 854 4076 Panegyricum
878 3990 1065 4071 cognovisse
1089 3988 1262 4070 sophistam
1285 4005 1367 4048 unus
1390 3992 1492 4047 certus
1515 3984 1611 4049 locus

282 4104 356 4166 satis
379 4100 584 4166 demonstrat.

385 4231 512 4308 Lysiae
541 4229 630 4292 locus
660 4249 740 4291 unus
768 4225 852 4311 apud
876 4226 1057 4289 Choricium
1086 4227 1251 4290 invenitur.
1297 4223 1407 4307 Atque
1428 4220 1612 4288 notandum

283 4352 330 4404 est
352 4362 426 4404 euin
449 4360 519 4403 esse
534 4361 575 4403 ex
591 4341 677 4402 initio
693 4341 759 4402 eius
783 4339 931 4401 orationis
947 4358 1039 4421 quae,
1065 4355 1262 4420 quamquam
1275 4335 1385 4419 Lysias
1400 4332 1486 4418 apud
1501 4344 1612 4417 poste-

283 4453 370 4514 rioris
393 4453 505 4514 aetatis
528 4450 666 4513 Graecos
691 4452 793 4513 minus
823 4449 997 4534 legebatur,
1028 4459 1137 4511 tamen
1166 4446 1335 4510 nonnullos
1365 4443 1407 4509 ad
1435 4443 1613 4529 legendum

283 4564 431 4625 invitasse
448 4559 588 4624 videturz
602 4566 649 4623 est
661 4581 707 4644 ap
717 4560 784 4624 olo
794 4563 856 4646 gia
866 4561 991 4623 Erato
1002 4560 1162 4640 sthenis;
1174 4559 1255 4621 haec
1267 4560 1352 4621 enim
1364 4558 1465 4620 oratio
1480 4576 1615 4640 semper

283 4675 426 4737 omnium
449 4673 657 4757 Lysianarum
681 4673 859 4734 orationum
882 4672 1088 4735 celeberrima
1115 4670 1223 4732 habita
1245 4678 1301 4735 est.

385 4801 571 4862 Aeschinis
587 4809 649 4860 tres
672 4801 831 4860 orationes
848 4798 1012 4861 Choricius
1036 4807 1119 4861 certe
1139 4797 1298 4880 cognovit,
1322 4814 1519 4878 quamquam
1543 4814 1617 4859 non

282 4934 383 4996 aeque
406 4911 577 4993 usurpavit.
