3542 5634
758 522 1084 585 '-26-

416 703 452 765 B.
480 719 549 784 130,
576 719 621 766 10.
649 709 797 772 Τοιαῦτα
819 711 881 790 μὲν
901 706 963 795 την
988 706 1156 799 Οῦρανίαν
1178 707 1365 799 Ἀφροδίτην
1386 712 1634 799 δημιουργοῦσιν

313 820 350 880 αλ
371 826 494 899 τέχναι·
517 812 745 905 τήνδ’ἑτέραν,
769 814 949 905 Πάνδημον
976 819 1012 885 δὲ
1042 818 1164 908 ταύτην
1194 824 1381 889 παλαιοί
1398 848 1510 899 τινες
1537 818 1635 911 ᾄδειν

314 926 466 992 ἐθέλουσι
488 929 603 1011 μῦθοι.
648 925 719 988 Hoc
742 925 813 989 loco
828 926 988 992 rhetorem
1003 932 1159 1013 respicere
1175 929 1417 995 illustrissimam
1440 929 1479 994 de
1501 930 1632 994 Venere

315 1033 443 1098 coelesti
467 1044 498 1097 et
528 1035 650 1118 vulgari
679 1036 922 1118 explicationem
958 1041 989 1102 in
1018 1038 1095 1103 Plat.
1128 1040 1231 1103 Conv.
1260 1060 1312 1124 pp.
1343 1043 1504 1121 180-185
1535 1061 1635 1104 nemo

313 1146 451 1229 negabit.
495 1143 603 1229 Atque
624 1144 800 1210 notandum
816 1157 863 1212 est
879 1148 1059 1214 Choricium
1082 1150 1294 1234 pro'Platonis
1317 1153 1446 1215 nomine
1467 1151 1632 1230 παλαιούς

313 1284 404 1335 τινας
427 1254 556 1340 μῦθους
577 1258 758 1340 posuisse.¹)

419 1383 454 1445 B.
482 1383 550 1460 161,
575 1379 640 1463 32⁹
667 1387 711 1471 μη
748 1387 784 1450 τδ
815 1388 922 1477 παρδν
955 1400 1082 1474 μέμφου
1114 1390 1155 1455 τοέ
1193 1391 1236 1475 μη
1275 1387 1425 1477 παρόντα
1463 1388 1634 1477 ζητήσασα.

314 1490 446 1556 Nutricis
462 1490 504 1556 ad
517 1491 695 1557 Phaedram
711 1514 821 1560 amore
836 1497 1002 1582 Hippolyti
1026 1509 1152 1582 captam
1169 1500 1276 1578 verba,
1298 1520 1381 1585 quae
1396 1508 1522 1563 exstant
1543 1496 1629 1581 apud

243 1607 250 1619 ⁰
313 1599 496 1686 Euripidem
518 1604 614 1688 Hipp.
641 1606 697 1684 183
722 1625 766 1689 sq.
789 1608 901 1671 similia
922 1618 1008 1675 sunt:

417 1727 505 1799 Οῦδέ
531 1729 690 1820 σὀἷρέσκει
712 1735 749 1799 τδ
765 1733 892 1826 παρόν,
916 1734 956 1801 ad
980 1731 1100 1804 d’oirrdv
1200 1791 1208 1805 .

416 1845 564 1933 φίλτερον
586 1838 663 1929 ἤγεῖ.
1019 1856 1023 1862 ’

248 2013 252 2021 ·
306 1978 476 2041 ·Choricius
502 1978 581 2041 haec
600 1998 665 2041 non
689 1988 756 2042 tam
782 1976 823 2042 ad
845 1980 937 2044 huius
962 1990 1077 2066 poetae
1104 2001 1201 2064 quam
1223 1978 1266 2044 ad
1284 1981 1422 2045 Platonis
1443 1982 1627 2065 exemplum

312 2092 343 2152 in
366 2089 466 2154 Conv.
490 2104 552 2151 200
566 2089 595 2152 E
610 2090 827 2156 conformavit.
851 2100 915 2158 Καὶ
937 2082 1027 2171 οὗτος
1051 2088 1116 2178 ῦῖρα
1130 2103 1186 2157 καῖ
1210 2088 1307 2170 ἄλλος
1321 2098 1389 2172 παῖς
1412 2090 1428 2157 δ
1451 2094 1630 2177 ἐπιθυμοῦν

312 2205 380 2268 τοῦ
401 2198 450 2286 μη
471 2204 639 2285 ἑτοίμου
662 2202 868 2286 ἐπιθυμεῖ
886 2213 942 2268 καῖ
967 2207 1037 2270 τοῦ
1057 2203 1106 2288 μη
1136 2201 1338 2291 παρόντος
1368 2200 1464 2269 acatii
1490 2203 1536 2290 μη
1560 2203 1630 2287 ἔχει

312 2322 366 2377 καῖ
387 2309 406 2377 8
426 2311 476 2400 μη
499 2310 584 2378 ἔστιν
613 2309 710 2389 αῦτδς
736 2322 791 2377 καὶ
819 2302 859 2379 οῦ
888 2309 997 2405 ἐνδεής
1024 2313 1123 2394 ἔστιν,
1155 2317 1279 2379 τοιαῦτ’
1306 2308 1392 2379 ἄττα
1422 2313 1510 2379 ἐστὶν
1539 2303 1629 2397 ὦνὴ

313 2424 478 2507 ἐπιθυμία
500 2432 611 2489 τεκαὶ
633 2421 650 2486 δ
673 2421 751 2512 δ’ρως
774 2422 871 2489 ἐστίν.

413 2557 447 2619 B.
474 2557 542 2637 196,
565 2572 594 2637 7.
639 2558 769 2639 τδτῦν
794 2555 996 2647 πραγμάτων
1027 2558 1205 2635 ἐλλιπές,
1238 2561 1393 2636 πλαστοῖς
1429 2560 1629 2636 ἐπαίνοις

313 2667 705 2756 οἷναπληρώσαντες.
761 2666 896 2731 Paulum
919 2668 1052 2730 mutavit
1074 2665 1181 2729 locum
1204 2666 1305 2732 Conv.
1332 2668 1389 2729 188
1412 2667 1449 2730 E.
1473 2672 1546 2747 ἴσως
1566 2673 1629 2752 μὲν

308 2772 371 2847 οῦν
397 2789 453 2844 καῖ
482 2777 544 2861 lyd
576 2778 634 2846 τὸν
654 2773 781 2867 ’Ἔρωτα
819 2780 1006 2848 έπαινῦν
1035 2777 1143 2844 πολλοὶ
1182 2780 1423 2866 παραλείπω,
1451 2776 1488 2845 οῦ
1517 2790 1629 2862 μέντοι

313 2887 396 2957 ἑκω’ν
416 2916 461 2972 γε,
483 2886 554 2954 αλλ’
577 2892 611 2953 εἴ
625 2914 659 2966 τι
680 2889 889 2979 έξέλιπον,
912 2889 968 2958 σὸν
990 2888 1084 2977 ἔργον
1114 2934 1121 2947 ·
1148 2938 1154 2949 .
1178 2935 1185 2949 ·
1208 2933 1217 2950 .
1239 2886 1551 2977 οἷναπληρῦσαι.

413 3034 449 3095 Β.
477 3048 523 3110 12,
550 3049 596 3111 13.
648 3038 777 3122 Μιαροῦ
811 3045 854 3117 μέ
880 3059 913 3098 τι
943 3033 1093 3123 διέδραμε
1119 3037 1182 3099 τῶν
1204 3032 1326 3099 ἐκείνου
1352 3029 1631 3119 κατορθωμάτων,

313 3142 494 3211 Εἰωθότων
525 3143 588 3233 γοὶρ
623 3140 692 3208 ῦσοι
728 3142 789 3228 την
822 3140 901 3231 ὅλην
936 3141 1080 3233 σπουδήν
1108 3140 1310 3227 οἷπονέμουσι
1340 3140 1453 3225 λόγοις,
1483 3146 1523 3207 εἴ
1528 3168 1630 3208 ποτε

314 3251 557 3343 πράγμασιν
578 3237 738 3337 ὁμιλεῖν
761 3250 1090 3337 α’ναγκοίζοιντο,
1121 3256 1197 3320 λίαν
1224 3249 1367 3340 οἷρχαίως
1389 3258 1549 3341 φέρεσθαι
1573 3262 1631 3317 καῖ

313 3368 586 3446 καταγέλωτα
608 3380 743 3431 κινεῖν
764 3379 848 3441 τοῖς
870 3363 920 3427 col
943 3366 1118 3429 τοιαῦτα
1149 3363 1316 3443 δεινοῖς,
1349 3359 1482 3440 ου’δενδς
1512 3356 1630 3448 ὤφθη

314 3473 460 3564 δεύτερος
481 3479 546 3541 τῦν
567 3471 692 3562 ταῦτην
713 3470 814 3557 μόνον
835 3470 1017 3560 ἠσκημένων
1037 3471 1098 3559 την
1118 3481 1243 3558 τέχνην.
1286 3471 1371 3535 Dicit
1392 3472 1532 3557 sophista
1553 3470 1628 3533 Pro·

315 3586 441 3668 copium
454 3585 649 3668 magistrum,
663 3602 760 3666 quem
772 3582 917 3668 oratione
934 3580 1080 3659 celebrat,
1096 3578 1345 3664 haudquaquam
1361 3583 1510 3645 intereos
1526 3581 1631 3657 luisse,
1675 3636 1687 3661 ,

315 3692 369 3777 (ᾐιί
392 3696 450 3757 etsi
473 3714 599 3757 summo
623 3713 695 3772 cum
726 3688 831 3755 studio
861 3688 902 3754 de
924 3692 1030 3774 aliqua
1051 3714 1085 3756 re
1118 3693 1216 3755 verba
1250 3692 1374 3768 faciant,
1408 3702 1517 3755 tamen
1545 3693 1569 3754 si
1592 3689 1634 3754 ad

316 3825 389 3868 earn
411 3800 635 3887 perficiendam
658 3799 890 3887 aggrediantur,
924 3802 1020 3864 risum
1053 3803 1219 3865 hominum
1247 3811 1407 3865 moveant.
1463 3804 1633 3883 Quocum

315 3914 388 3978 loco
404 3892 640 3978 conserasPlat.
659 3912 759 3976 Conv.
780 3913 837 3992 198
861 3911 971 3974 c-D.
994 3923 1048 3978 καῖ
1070 3912 1261 3997 ἐνενόησα
1285 3911 1358 3979 τότε
1383 3910 1448 4002 ἄρα
1469 3925 1635 3995 καταγέ-

317 4028 461 4105 λαστος
483 4020 536 4109 οῦν,
559 4022 654 4113 ἡνίκα
676 4022 752 4108 ὑμῖν
766 4020 954 4107 ῦμολῦγουν
976 4024 1013 4090 ἐν
1033 4027 1081 4113 τρῖ
1101 4034 1189 4111 μέρει
1216 4030 1294 4105 μεθ’
1323 4020 1416 4107 ῦμῦν
1444 4023 1631 4106 ἐγκωμιάσε·

317 4143 401 4204 σθαι
421 4137 478 4205 τδν
493 4131 620 4226 Ἔρωτα
642 4148 698 4200 καῖ
720 4134 801 4218 ἔφην
822 4134 908 4201 εἶναι
932 4132 1067 4210 δεινός
1095 4133 1142 4198 τοὶ
1172 4133 1351 4223 ἐρωτικαὶ
1378 4131 1500 4201 οῦδὲν
1521 4132 1638 4207 εἰδώς

318 4241 400 4335 ἄρα
422 4252 492 4313 τοῦ
514 4244 759 4335 πράγματος,
781 4240 824 4321 οἷς
845 4243 912 4310 ἔδει
944 4240 1152 4327 ἐγκωμιάζειν
1182 4295 1189 4307 .
1215 4295 1220 4307 ,
1245 4291 1253 4307 .
1284 4242 1320 4305 Ε.
1358 4242 1502 4310 ,πάντα
1532 4244 1633 4328 λόγον

317 4361 537 4435 κινοῦντες.
593 4348 792 4418 Contrariurh
825 4353 971 4416 Socrates
1004 4348 1045 4414 de
1075 4371 1185 4414 amore
1218 4372 1275 4414 suo
1310 4352 1465 4435 gloriatur.
1522 4352 1632 4435 Atque

318 4463 490 4531 similitudo
512 4474 544 4528 et
575 4465 803 4548 cogitationum
826 4473 857 4526 et
890 4463 1061 4525 verborum
1093 4471 1182 4557 tanta
1213 4471 1269 4535 est,
1302 4472 1338 4525 ut
1367 4465 1526 4537 rhetorem
1548 4464 1636 4527 hune

316 4577 456 4642 Platonis
479 4576 586 4675 locum
608 4576 784 4658 respexisse
805 4582 917 4657 putare
939 4591 1069 4636 necesse
1092 4574 1139 4638 sit.

419 4704 525 4768 Etiam
547 4705 579 4767 in
601 4701 728 4787 singulis
750 4702 894 4766 meminit
916 4701 1055 4783 sophista
1077 4700 1228 4763 Platonici
1251 4702 1406 4766 convivii:

420 5027 442 5092 ¹)
460 5026 501 5080 Cf.
519 5043 579 5093 pag.
599 5037 630 5089 27
649 5035 701 5078 not.
723 5042 746 5089 t,
767 5041 796 5091 31
817 5036 868 5082 not.
886 5029 1028 5093 multosque
1046 5030 1109 5081 alios
1126 5026 1204 5080 locos.
