3542 5634
877 524 1088 584 „32-

318 712 441 786 καλεῖς
469 705 506 772 τό
535 706 627 788 σῶμα
655 714 711 771 καῖ
737 711 783 785 εἰς
810 704 846 774 τό
875 702 965 786 ἐκτός
994 703 1177 790 οἷναχεῑται·
1207 704 1297 776 άλλά
1318 729 1367 775 σοι
1392 719 1447 777 καὶ
1474 706 1635 792 όγλυκύς

318 808 410 897 οὗτος
432 815 552 907 κρατήρ
574 813 767 905 όπερχειλης
796 811 838 906 ἤν
867 829 924 884 καὶ
947 813 1020 886 οὔτε
1048 815 1183 910 ἧψυχή
1198 820 1245 885 τό·
1259 823 1350 903 σῶμα
1372 817 1488 918 ᾔσχυνε
1508 830 1565 886 καὶ
1585 821 1633 887 τά

318 927 448 1015 περὶτὰ
472 926 565 1011 σῶμα
587 925 643 995 οὐκ
666 927 782 1007 ἐνδεῶς
806 928 851 995 ἔτι
864 931 933 1018 ρρει
959 926 1035 996 οὐδὲ
1063 929 1299 1018 κατερράτταινε
1319 927 1358 997 τό
1381 929 1550 1019 μακάρων.
1572 929 1640 1013 ,,Ἠ

318 1039 409 1124 φιονή
442 1037 538 1127 ἡδεῖα
569 1022 625 1104 καὶ
656 1036 677 1123 ἡ
705 1026 784 1130 όψις
820 1061 877 1108 σου
916 1034 1048 1130 aigulfi
1076 1043 1202 1121 δικαίως
1238 1038 1285 1109 άν
1320 1041 1553 1132 ηἷσματίσωμεν·
1586 1055 1642 1125 „cl

295 1135 538 1240 Ιοἳρααόθησοιν
558 1145 702 1232 σιαγόνος
726 1170 782 1217 σου
805 1147 846 1231 οἷς
869 1148 1027 1237 τρυγόνος,
1051 1143 1207 1242 τράχηλός
1231 1172 1287 1221 σου
1310 1151 1353 1232 οἷς
1375 1152 1570 1241 ὁρμίσκου,·“

417 1257 542 1329 Ἐκεῑνά
564 1280 613 1326 σοι
634 1262 848 1349 καλλιγραφεῒ
868 1259 925 1331 τόν
952 1262 1081 1340 ἔξωθεν
1108 1260 1298 1353 ἄνθρωπον.
1328 1270 1435 1332 ταῦτα
1464 1265 1521 1353 τη“ν
1541 1263 1634 1342 ἐντὸς

318 1370 464 1454 οἷγλαΐαν
484 1368 697 1457 ὕποσημαίνει
718 1371 773 1437 διά
796 1369 834 1438 τό
851 1371 982 1463 σῶφρόν
1002 1401 1037 1440 τε
1051 1384 1107 1440 καὶ
1130 1374 1336 1462 φιλοσοῖφρον
1357 1387 1413 1442 καὶ
1441 1370 1548 1442 τάλλοι
1570 1380 1635 1442 τοῦ

318 1488 375 1552 νοῦ
396 1494 452 1550 καὶ
473 1487 527 1570 τῆς
547 1484 689 1567 κεφαλῆς
710 1478 842 1565 α’γαθά,
865 1494 939 1575 περὶ
960 1481 1001 1571 ἣν
1023 1483 1042 1550 o‘
1064 1482 1224 1572 τράχηλος
1246 1481 1463 1553 άνατείνεται.

421 1594 506 1656 Tota
531 1593 697 1676 explicatio
721 1602 753 1656 et
774 1595 931 1657 sententia
953 1603 985 1657 et
999 1593 1152 1657 nonnulla
1166 1594 1289 1679 singula
1304 1596 1478 1658 imitatione
1493 1595 1635 1659 Platonis

317 1706 442 1770 Timaei
477 1724 627 1789 expressa
655 1723 725 1767 esse
747 1701 903 1770 videntur.
939 1706 1022 1768 Sane
1044 1705 1213 1768 immiscuit
1242 1706 1389 1788 sophista,
1421 1707 1467 1768 uti
1500 1725 1635 1768 consue·

320 1819 375 1894 vit,
405 1818 506 1901 magis
537 1818 685 1881 orationis
715 1813 877 1880 ornandae
901 1836 997 1879 causa
1023 1836 1119 1899 quam
1154 1814 1240 1899 quod
1272 1837 1321 1879 res
1354 1818 1421 1900 ipsa
1453 1816 1636 1900 postulabat

321 1929 418 1991 verba
440 1949 481 1991 ex
503 1927 594 1992 Cant.
619 1928 834 2007 Canticorum,
863 1948 947 2011 quae
970 1929 1032 1990 iam
1055 1924 1279 1990 Boissonadius
1302 1947 1331 2011 p.
1359 1929 1418 2010 189
1439 1937 1517 1992 nott.
1555 1934 1657 1989 1-2'

319 2038 477 2104 indicavit.
500 2039 759 2102 —Platonicam
781 2038 1026 2122 explicationem
1050 2039 1161 2101 miram
1184 2037 1300 2101 scilicet
1321 2048 1418 2121 atque
1440 2038 1634 2123 singularem

319 2172 384 2214 non
408 2147 506 2213 modo
529 2151 672 2227 mutavit,
695 2169 808 2213 verum
839 2151 935 2212 etiam
958 2146 1151 2233 depravavit,
1180 2170 1240 2212 nec
1269 2159 1377 2212 tamen
1407 2151 1449 2211 ita
1478 2157 1513 2211 ut
1543 2148 1635 2211 Plato

319 2263 469 2346 cognosci
491 2281 556 2324 non
578 2262 685 2344 possit.
729 2261 877 2324 Fortasse
900 2261 995 2323 etiam
1018 2262 1050 2323 in
1072 2261 1199 2345 singulis
1229 2261 1371 2324 meminit
1393 2259 1531 2323 Platonis
1562 2242 1632 2323 irer-

317 2374 442 2449 borum,
465 2393 601 2457 quorum
623 2372 776 2435 nonnulla
799 2394 872 2436 cum
897 2372 1091 2435 Choricianis
1115 2391 1314 2454 comparem:

419 2484 501 2550 Tim.
531 2497 567 2564 35
592 2481 633 2547 A.
668 2493 724 2551 καῖ
754 2497 842 2573 τρία
875 2483 990 2565 λαβών
1017 2483 1103 2552 αὐτοὶ
1137 2480 1218 2552 ὅντα
1251 2481 1556 2572 συνεκεράσατο
1592 2488 1641 2559 εἰς

317 2607 399 2680 μίαν
421 2594 533 2663 πάντα
555 2597 656 2664 ι’ὄέαν.
678 2595 762 2661 Tim.
778 2612 815 2674 41
833 2595 874 2658 D.
899 2606 955 2661 καὶ
969 2592 1074 2663 πάλιν
1095 2596 1151 2662 ἐπὶ
1173 2593 1231 2662 τόν
1252 2592 1407 2684 πρότερον
1428 2599 1640 2684 κρατῆρα)

316 2707 353 2774 ἓν
374 2695 402 2797 qi
421 2707 482 2793 την
502 2711 563 2775 τοῦ
583 2707 707 2784 παντὸς
729 2706 841 2793 ψυχήν
862 2706 1065 2798 κεραυνός
1086 2708 1204 2790 ἔμισγε.

319 2816 417 2882 Ctss.
442 2819 511 2900 188,
535 2834 583 2879 11.
623 2817 831 2907 Τριπλοῦς
858 2825 921 2901 μὲν
946 2817 985 2905 δη
1009 2835 1077 2912 ,τοῖς
1107 2813 1275 2902 ετῗόαίμοσι
1304 2817 1457 2908 κρατὴρ
1479 2821 1521 2914 τῇ
1542 2813 1639 2901 φάσει

320 2928 573 3018 κεράννυται
604 2931 671 2995 κτλ.

318 3042 399 3104 Tim.
422 3057 464 3122 79
485 3040 525 3103 D.
557 3044 629 3107 πάν
659 3041 742 3121 ζῶον
775 3044 897 3107 ἑαυτοῦ
928 3036 1046 3117 τάντὸς
1079 3049 1152 3127 περὶ
1180 3040 1216 3105 τὰ
1246 3039 1331 3125 αἷμα
1355 3049 1409 3105 καὶ
1431 3039 1490 3116 τοὶς
1511 3040 1638 3123 φλέβας

318 3150 509 3242 θερμότατα
531 3152 608 3235 ἔχει,
632 3148 699 3217 οἷον
720 3151 758 3218 ἓν
780 3155 891 3241 ἑαυτῷ
913 3149 1022 3237 πηγήν
1042 3175 1116 3217 τινα
1139 3151 1278 3218 ἐνοῦσαν
1299 3149 1409 3238 πυρός.

321 3261 367 3324 Cl.
395 3262 430 3327 Β.
468 3262 536 3337 188,
572 3276 617 3322 12.
653 3271 709 3328 καὶ
736 3258 886 3345 βλύζειι)
920 3268 982 3346 μὲν
1011 3259 1053 3339 ὦς
1079 3259 1149 3328 άπὸ
1183 3267 1309 3350 πηγῆς
1340 3268 1396 3348 τῆς
1417 3265 1524 3347 ψυχῆς
1546 3262 1613 3326 κτλ.

318 3372 401 3435 Tim.
422 3372 441 3435 l.
466 3392 492 3434 c.
508 3371 544 3438 τό
566 3372 692 3460 θερμόν
715 3372 753 3459 δη
776 3368 862 3437 κατά
885 3370 984 3457 φύσιν
1004 3378 1048 3449 εἰς
1069 3372 1129 3454 την
1151 3369 1255 3440 αὑτοῦ
1276 3370 1386 3459 χάραν
1407 3373 1469 3449 ἔξω
1492 3371 1572 3458 ττρός
1593 3371 1633 3437 τό

320 3489 465 3566 ξυγγενὲς
487 3481 698 3567 ὁμολογητέον
720 3488 815 3550 ἰέναι.

322 3594 369 3659 Cf.
390 3593 424 3660 Β,
452 3595 520 3674 189,
547 3610 572 3656 Ι.
595 3602 651 3659 καὶ
672 3598 716 3670 εἰς
737 3592 773 3657 τὰ
796 3593 885 3671 ἐκτός
907 3590 1090 3678 οἷναχεῖται.

320 3705 403 3769 Tim.
434 3718 472 3785 75
504 3704 545 3769 D.
579 3705 632 3770 ἐπ’
661 3703 801 3790 ἐσχάτην
827 3703 887 3793 την
917 3705 1061 3793 κεφαλην
1089 3704 1282 3795 περιπάσας
1315 3701 1421 3796 κόκλφ
1454 3713 1547 3793 περὶ
1579 3703 1641 3771 τόν

204 3841 211 3859 ·
321 3812 1323 3923 τράχηλονὲκόλλησενόμοιότητι...τάδ’άλλακτλ.
1437 3821 1442 3833 ’

308 3927 369 4002 ,Cl
401 3926 436 3992 B·
467 3928 540 4008 189,
564 3943 582 4008 7
610 3948 657 4011 Sq-
679 3938 746 3996 καὶ
766 3926 896 3996 τᾶλλα
916 3933 974 3997 τοῦ
997 3934 1054 3997 νοῦ
1076 3939 1132 3996 καὶ
1152 3933 1208 4014 τη”ς
1230 3928 1369 4014 κεφαλῆς
1391 3924 1522 4010 οἷγαθά,
1545 3936 1642 4014 περὶ

322 4036 363 4124 ἣν
384 4037 401 4104 o‘
423 4037 623 4128 τράχηλος
644 4037 864 4108 α’νατείνεται.

340 4229 345 4237 ὁ
423 4149 458 4211 Β.
480 4164 547 4227 124,
564 4165 592 4229 3.
615 4148 716 4237 κούφη
739 4161 794 4217 καὶ
816 4160 991 4240 μετέωρος..
1003 4149 1087 4214 Tim.
1107 4165 1167 4227 104
1180 4149 1218 4217 E.
1241 4146 1349 4235 κοῦφά
1362 4176 1398 4215 τε
1412 4157 1467 4215 καὶ
1482 4159 1641 4237 μετέωρα.

424 4377 576 4463 Reliquos
598 4379 736 4443 Platonis
766 4376 909 4464 dialogos
932 4400 951 4442 a
974 4379 1120 4443 Choricio
1155 4377 1310 4443 adhibitos
1343 4399 1413 4442 esse
1445 4377 1519 4441 satis
1547 4387 1644 4477 *certa

323 4488 436 4555 indicia
458 4489 568 4554 afferre
591 4512 655 4555 non
677 4493 774 4575 potui.
818 4491 944 4554 Tamen
974 4509 1092 4573 paucos
1122 4490 1237 4554 similes
1267 4491 1354 4553 locos
1384 4508 1643 4552 commemorare

324 4602 400 4667 mihi
422 4602 524 4668 liceat.

425 4776 446 4839 ¹)
462 4768 571 4839 βλάξειν
588 4781 625 4823 est
641 4773 740 4840 poetica
756 4789 805 4822 vox
822 4773 878 4840 (pro
896 4765 1012 4838 βλάειν),
1041 4788 1104 4839 quae
1131 4773 1206 4822 etiam
1229 4773 1297 4837 apud
1318 4774 1389 4826 Paos.
1408 4774 1438 4835 V,
1461 4783 1486 4835 χ,
1506 4785 1522 4835 3
1541 4772 1567 4821 in
1585 4788 1643 4822 ora-

324 4861 394 4913 culo:
417 4857 540 4929 Ἀλφειοῦ
566 4851 654 4929 στόμα
675 4854 784 4923 βλάζει
802 4857 816 4926 ΙΙ
834 4854 1048 4928 μισγόμενον
1072 4861 1193 4926 πηγαῖς
1218 4854 1353 4929 stipamine
1369 4852 1531 4928 Ἀρεθούσης
1558 4863 1584 4905 et
1613 4859 1642 4907 in

324 4945 401 4995 Anth.
418 4946 470 4995 Pal.
489 4946 544 5010 VII,
563 4956 603 5007 27,
624 4956 637 5007 7
656 4944 753 5008 legitur.
