3542 5634
683 496 889 554 -39-

129 678 321 767 προῆλθε
342 695 412 756 ταῖς
434 677 566 746 πόλεσιν
586 679 758 769 ἐλευθερία
875 677 977 740 Thuc·
994 677 1030 754 Π,
1051 692 1099 758 54,
1119 690 1144 758 5.
1162 688 1217 744 καὶ
1232 678 1264 755 ἐς
1278 683 1339 761 μέν
1354 678 1448 742 Πελο-

129 788 234 876 σαηιὴς
255 789 292 867 ἐξ
319 786 482 878 οἷφορητου
513 789 668 866 δουλείας,
691 784 759 876 η’τις
811 787 976 872 πόννησον
997 784 1055 857 οόκ
1079 787 1250 874 ἐσῆλθεν
1269 783 1304 874 (ἦ
1322 786 1448 867 νόσος).

128 899 367 984 ἐπενείματο
378 898 758 985 μὲντοῖνοῖλλοηόλων
812 901 1075 983 ἐπενείματο
1099 899 1135 966 δὲ
1148 893 1294 985 Ἀθήνας
1315 902 1376 981 μὲν
1389 895 1448 982 μοί·

129 1009 207 1089 τους
227 1024 380 1093 γείτονας,
815 1013 920 1088 λιστα,
948 1009 1066 1078 ἔπειτα
1090 1009 1203 1075 δὲκαὶ
1225 1012 1292 1075 τοῖν
1314 1003 1449 1074 ἄλλων

814 1132 940 1211 χωρίων
961 1117 1004 1186 roi
1027 1117 1372 1208 πολυανθρωπότατα.
1451 1168 1458 1181 .

280 1237 434 1321 κατέβη
450 1233 487 1298 δέ
508 1233 591 1318 πρός
606 1229 682 1311 τοδς
694 1231 760 1300 τοό-
814 1251 841 1292 c.
865 1232 918 1310 48,
946 1247 972 1295 1.
994 1235 1148 1318 κατέβη
1164 1239 1220 1296 καὶ
1235 1229 1269 1309 ἐς
1284 1227 1344 1316 τήν
1357 1232 1447 1307 βασι-

126 1368 194 1409 των
217 1340 364 1433 ὁμόρους,
815 1332 896 1418 λέως
913 1345 983 1428 γῆν.

338 1478 343 1486 ·
376 1449 512 1547 ἥψατο
535 1456 571 1522 δέ
597 1458 663 1524 τῶν
684 1452 760 1524 όπο-

124 1565 252 1633 λοίπων
273 1578 398 1656 χωρίων

126 1676 327 1739 commiscuit
347 1678 399 1755 48,
436 1692 448 1737 1
484 1687 540 1745 καὶ
562 1676 598 1744 τὸ
621 1682 752 1767 πρῶτον
772 1680 809 1748 ἐν
829 1677 873 1771 τῷ
899 1686 1047 1769 Πειραιεῖ
1066 1677 1212 1772 ἥψατο
1234 1676 1300 1746 τόν
1319 1675 1446 1767 avrea-

124 1813 207 1855 πων.
237 1796 268 1850 et
293 1801 348 1869 54,
377 1801 392 1869 5
423 1789 538 1856 ἔπειτα
570 1788 607 1856 δὲ
632 1790 688 1855 καῖ
716 1790 783 1859 τόν
809 1788 920 1859 ἄλλων
954 1804 1079 1882 χωρίων
1111 1787 1153 1857 τοὶ
1185 1787 1447 1880 πολυανθρωπό-

127 1923 216 1964 τατα
238 1901 305 1965 κτλ.
422 1980 426 1989 ι

228 2006 300 2074 Non
323 2009 420 2074 modo
443 2013 475 2076 in
495 2012 647 2076 universa
668 2013 847 2077 narratione
868 2050 911 2059 -
933 2011 965 2076 id
986 2010 1074 2097 quod
1096 2010 1190 2075 docet
1212 2011 1315 2094 primo
1327 2010 1441 2072 obtutu

124 2123 322 2205 comparatio
338 2133 370 2186 et
384 2120 611 2209 Thucydideae
635 2120 675 2187 de
690 2125 786 2207 pestis
802 2125 1029 2209 propagatione
1044 2124 1230 2187 narrationis
1246 2119 1283 2206 (e.
1295 2122 1346 2200 48,
1368 2136 1445 2182 1-2

123 2241 158 2295 et
184 2245 231 2312 54,
257 2231 288 2315 5)
321 2243 353 2297 et
386 2232 563 2297 Chorieiani
595 2233 656 2298 loci
681 2204 740 2280 '-⁶
758 2232 815 2297 sed
854 2236 950 2299 etiam
986 2236 1018 2298 in
1052 2234 1180 2318 singulis
1216 2231 1445 2296 elocutionibus

122 2382 168 2390 -
190 2342 221 2407 id
242 2343 329 2430 quod
351 2343 570 2411 demonstrant
591 2347 690 2411 verba
711 2343 916 2431 Thucydidis,
940 2365 1025 2429 quae
1046 2346 1135 2409 iuxta
1156 2344 1249 2428 posui
1274 2378 1312 2386 —
1336 2343 1444 2406 Chori-

123 2456 209 2521 cium
233 2456 321 2519 iilum
343 2467 486 2521 secutum
509 2476 579 2521 esse
602 2458 703 2541 quivis
726 2454 819 2523 videt.
1259 2464 1263 2469 ’

224 2567 258 2631 B.
276 2567 553 2649 225,61”Ήκιστα
574 2575 634 2654 μὲν
656 2567 793 2655 πόλεμος
816 2571 872 2637 ἐπὶ
897 2575 999 2660 ῥητοῖς
1023 2569 1136 2636 ἐθέλει
1158 2564 1444 2658 χωρεῒνΞΤῙὶῑὶῦ.

121 2677 147 2751 l,
173 2694 240 2753 122,
267 2695 293 2743 1.
315 2676 430 2767 ἥκιστα
451 2681 513 2765 γδρ
537 2678 678 2767 πόλεμος
700 2683 756 2748 ἐπὶ
778 2685 884 2771 ῥητοῖς
908 2693 1014 2766 χωρεῖ.

227 2789 261 2853 Β.
287 2806 357 2871 227,
382 2804 438 2871 25:
460 2789 559 2860 Ἀλλοέ
583 2790 643 2860 νῦν
665 2839 672 2855 .
696 2840 704 2858 .
728 2841 734 2853 .
760 2846 766 2857 .
789 2791 827 2858 τό
852 2792 1020 2877 αἰφνίδιον
1041 2798 1097 2856 καὶ
1121 2785 1366 2883 ἀπροσδόκητον
1387 2797 1444 2853 καῖ

122 2903 262 2991 πλείστη)
285 2900 463 2993 παραλόγῳ
486 2900 616 2988 συμβόν
640 2901 679 2986 (δ
693 2903 755 2991 γὰρ
779 2901 884 2995 οὕτως
903 2904 1077 2988 ἐμπίπτει,
1098 2886 1246 2987 μεγάλως
1269 2900 1380 2967 δουλοῖ
1401 2898 1442 2965 τοὶ

121 3009 333 3101 φρονήματα)
358 3009 455 3081 οόδέν
475 3012 553 3080 καθ’
568 3011 664 3101 ημῶν
680 3012 807 3102 οἷμῆκεν
822 3013 946 3082 ἐκεῖνον
963 3014 1220 3094 διαλογίσασθαι
1235 3036 1276 3063 ·-
1291 3009 1392 3072 Thue.
1409 3008 1443 3073 11.

120 3119 175 3201 61,
198 3137 298 3202 2-3:
322 3169 330 3186 ·
350 3170 359 3188 .
376 3172 407 3186 ..
431 3135 487 3192 καὶ
513 3125 699 3213 μεταβολῆς
721 3123 863 3212 μεγάλης
883 3133 939 3191 καὶ
952 3121 1073 3212 ταότης
1095 3122 1132 3201 ἐξ
1153 3118 1264 3205 όλίγου
1287 3120 1442 3207 ἐμπεσού-

120 3252 175 3318 σης
189 3228 329 3322 τἀπεινή
346 3233 439 3320 ὑμῶν
460 3234 479 3324 ἡ
503 3233 633 3304 διοόνοια
649 3237 863 3325 ἐγκαρτερεῖν,
878 3230 1043 3319 όῖἐγνωτε.
1062 3234 1174 3302 δουλοῖ
1194 3234 1258 3320 γοέρ
1281 3228 1432 3322 φρόνημα

120 3343 158 3409 τδ
181 3345 343 3427 αἰφνίδιον
371 3354 425 3412 καὶ
452 3343 698 3436 ἀπροσδόκητον
726 3358 782 3415 καῖ
810 3347 856 3439 τῷ
884 3349 1025 3437 πλείστη)
1049 3343 1225 3436 παραλόγῳ
1249 3350 1439 3430 ξυμβαῖνον,

121 3450 142 3519 δ
162 3451 241 3540 ημῖν
263 3452 342 3543 πρός
364 3470 431 3535 τοῖς
452 3454 566 3538 ἄλλοις
588 3456 648 3543 οόχ
669 3455 786 3543 ἥκιστα
809 3466 865 3524 καὶ
887 3456 973 3523 κατολ
997 3456 1057 3545 την
1079 3454 1174 3524 νόσον
1195 3467 1375 3543 γεγένηται.

225 3565 262 3627 G.
287 3567 337 3644 81,
361 3566 446 3652 XIVb
470 3580 585 3647 anot.
609 3585 638 3649 3.
662 3575 756 3657 νῆσος
777 3568 864 3636 ἐστιν
886 3564 993 3652 όνομα
1015 3573 1076 3652 μὲν
1096 3562 1252 3654 Ἰωτοόβη,
1275 3562 1311 3632 τό
1341 3566 1368 3631 δ’
1392 3566 1439 3652 ἐρ·

120 3702 181 3759 γον
211 3675 313 3764 ου’τῆς
342 3676 488 3767 δποδοχη
510 3693 647 3772 φορτίων
672 3680 740 3749 τοῖν
767 3679 924 3763 Ἰνδικῶν,
952 3669 997 3747 οἷν
1024 3689 1125 3777 μέγας
1155 3676 1252 3768 φόρος
1280 3676 1322 3743 τοὶ
1354 3678 1437 3758 τέλη.

121 3794 388 3875 προσοικοῦσι
410 3790 439 3855 δ’
461 3770 574 3882 δι’νδρες
597 3789 710 3880 αότήν,
727 3790 751 3858 οἷ
758 3789 892 3859 νόσιον
907 3790 1015 3869 ἔθνος.
1038 3788 1181 3852 Imitatur
1192 3787 1292 3851 ThuC.
1305 3786 1328 3864 l,
1341 3802 1391 3865 24,
1408 3803 1439 3848 1:

121 3895 317 3983 Ἐπίδαμνός
339 3901 407 3968 ἐστι
429 3899 529 3980 πόλις
557 3903 594 3971 ἐν
620 3901 725 3995 δεξιρῖΙ
740 3902 913 3971 ἐσπλέοντι
936 3897 992 3970 τόν
1014 3899 1134 3969 Ἰόνιον
1162 3898 1297 3967 κόλπον·
1328 3918 1437 3987 προσ-

104 4009 243 4078 ὀικοῦ
251 4031 289 4076 σι
313 4012 340 4077 δ’
365 4008 470 4099 αὐτην
495 4009 677 4080 Ταλόντιοι
699 4012 877 4104 βάρβαροι,
901 4010 1080 4104 Ἰλλυρικόν
1100 4014 1206 4091 ἔθνος.

224 4120 260 4184 G.
290 4123 339 4201 84,
368 4119 441 4201 XV,
464 4132 528 4187 not.
554 4141 581 4204 3.
604 4130 783 4205 βασκανίας
811 4122 875 4212 γαρ
905 4129 1066 4213 ἑπομένης
1093 4140 1159 4203 τοῖς
1186 4121 1263 4201 ζῶσι
1292 4122 1374 4211 πρός
1404 4119 1439 4188 τό

122 4229 307 4302 οἷντίπαλον
334 4230 439 4314 ἄλλως
469 4240 505 4300 δ’
534 4233 618 4303 όταν
647 4240 716 4303 ἴσαι
746 4242 807 4322 μὲν
837 4233 958 4326 αἴρεταί,
989 4241 1059 4305 ἴσαι
1086 4237 1122 4303 δὲ
1150 4236 1248 4320 τόχαι
1277 4283 1285 4301 .
1309 4281 1317 4299 .
1341 4284 1347 4296 .
1379 4245 1439 4318 μία

122 4344 160 4411 δέ
181 4345 273 4436 παροέ
296 4347 454 4425 βασιλέως
477 4343 588 4415 εὔνοια
610 4357 666 4414 καὶ
687 4346 774 4437 τιμή.
818 4347 961 4411 Imitatur
982 4346 1084 4411 Thuc.
1114 4345 1149 4421 Η,
1172 4359 1224 4427 45,
1252 4363 1283 4412 1:
1313 4343 1439 4433 φθόνος

119 4455 184 4545 γοέρ
198 4469 265 4534 τοῖς
281 4459 357 4534 ζοῖσι
372 4454 454 4548 πρός
469 4457 506 4524 τδ
521 4455 729 4527 οἷντίπαλον.
746 4506 753 4524 .
771 4511 777 4524 .
794 4467 826 4522 et
841 4457 1037 4543 paulopost:
1056 4507 1063 4524 .
1081 4511 1087 4524 .
1105 4507 1111 4520 .
1128 4453 1242 4527 εὔνοια
1257 4507 1263 4521 .
1282 4511 1288 4523 .
1308 4507 1314 4521 .
1331 4453 1438 4545 α’ρετή.

106 4626 110 4633 .
223 4567 257 4630 F.
283 4568 353 4645 228,
382 4583 392 4628 1
420 4587 473 4651 sq:
497 4574 527 4634 οῖ
547 4567 611 4658 γαρ
633 4574 677 4646 εἰς
698 4571 819 4637 ἐλπίδα
841 4573 900 4639 τοῦ
929 4573 1140 4660 κατορθῶσαι
1168 4566 1259 4657 μόλις
1281 4566 1440 4648 ἐλθόντες

120 4684 235 4770 μικροῦ
256 4705 340 4757 τινος
363 4674 633 4770 οἷντικροόσαντος
663 4678 764 4760 εὐθυς
796 4677 1039 4750 α’ναπίπτουσιν
1068 4677 1214 4769 οἷνόνητα
1237 4692 1345 4748 ποιεῖν
1366 4677 1438 4767 ἡγη-

121 4790 266 4876 σάμενοι.
315 4789 449 4853 Mutavit
479 4790 585 4854 locum
613 4790 713 4855 Thuc.
741 4791 763 4871 I,
796 4808 846 4875 70,
873 4806 904 4874 52
933 4797 1125 4884 κρατοῦντές
1149 4820 1186 4858 τε
1215 4790 1280 4859 τῶν
1309 4792 1441 4876 ἐχθρῶν

118 4913 175 4969 καῖ
198 4902 254 4971 ἐπὶ
275 4904 429 4971 πλεῖστον
449 4902 637 4988 ἐξέρχονται
659 4914 714 4972 καὶ
736 4902 910 4990 νικοόμενοι
932 4906 985 4974 ἐπ
1009 4902 1185 4989 ἐλάχιστον
1206 4902 1439 4971 οἷναπίπτουσι.
