3542 5634
672 476 895 573 -iaf

111 676 257 755 γλυκεῖ
262 700 284 739 α
325 679 356 740 οἱ
394 674 530 763 καρδίαν
570 669 751 741 α’τάλλοισα
789 669 978 762 γηροτρόφος
1006 684 1156 759 συναορεῖ
1188 667 1333 753 λέλπίς
1347 673 1429 738 κτλ.

112 780 218 845 Loeus
253 782 387 846 Choricii
420 804 516 866 quem
560 785 696 866 primum
742 784 830 847 attuli
870 783 1005 846 similem
1044 782 1188 865 exprimit
1239 782 1428 846 sententiam

111 890 232 956 eisdem
255 893 318 956 iere
340 894 443 956 verbis
465 913 548 975 quae
570 894 675 958 litteris
698 891 830 957 diductis
852 893 1032 976 significavi.
1076 891 1174 955 Plane
1186 891 1280 955 aliam
1302 876 1427 955 senten-

110 1004 189 1066 tiam
204 1005 386 1086 exprimunt
399 1004 509 1087 reliqui
524 1024 604 1087 quos
620 1007 710 1089 posui
726 1004 795 1081 loci,
818 1005 922 1071 verbis
939 1002 1098 1066 similibus.
1129 1003 1235 1070 ‚Hisce
1249 1004 1341 1086 igitur
1355 1002 1432 1065 locis

87 1096 207 1176 'luisse
229 1113 397 1177 latissimos
419 1111 560 1178 imitandi
582 1114 660 1178 fines
683 1112 768 1198 apud
791 1114 972 1178 Choricium
993 1115 1132 1177 maxime
1154 1110 1395 1176 demonstratur.
1484 1136 1488 1143 ·

213 1223 249 1286 B·
276 1226 325 1304 38,
352 1240 398 1286 10.
433 1225 588 1303 ἐβούλετο
610 1227 673 1311 γάρ
696 1222 735 1293 ού
758 1230 873 1300 δοκεῖν,
897 1221 972 1291 ἄλλ’
995 1217 1078 1293 εἶναι
1100 1221 1226 1312 χρηστή.
1242 1222 1378 1307 :Rep.
1393 1222 1431 1300 II,

112 1333 183 1413 361,
206 1334 245 1399 B:
274 1340 346 1402 κατ’
369 1334 534 1419 Αἰσχύλον
557 1331 594 1404 ού
608 1338 724 1412 δοκεῖν,
748 1332 822 1403 ἄλλ’
844 1334 931 1402 εἶναι
953 1332 1088 1417 άγαθδν
1109 1335 1279 1403 ἐθέλοντα.
1424 1320 1425 1323 ¹

186 1444 247 1541 ·B.
271 1446 322 1522 68,
349 1463 394 1512 11.
428 1444 512 1514 o‘t'ors
532 1448 572 1544 τῇ
604 1428 700 1544 λύπη
718 1445 910 1537 προσθήκην
937 1453 1093 1529 γενέσθαι
1121 1442 1179 1531 την
1206 1445 1270 1513 τῶν
1297 1444 1427 1531 ἐχθράν

109 1553 233 1645 ἡδονήν.
268 1564 333 1624 Καὶ
353 1572 420 1637 τοῖς
443 1565 502 1642 μὲν
524 1553 634 1637 ἄλλοις
658 1554 697 1625 ού
718 1557 807 1626 πάνυ
829 1585 861 1623 τι
883 1559 1075 1648 προσδοκίας
1105 1553 1197 1635 ἐκτδς
1219 1554 1361 1639 ἐγεγόνει
1389 1555 1431 1622 τοὶ

109 1664 271 1754 δρώμενα.
309 1680 344 1734 τί
373 1666 436 1759 γάρ
469 1664 666 1737 άνέλπιστον
697 1670 734 1737 ἐν
765 1670 932 1760 τυραννίδι
964 1667 1065 1736 κακόν
1071 1697 1082 1747 ,·
1147 1664 1289 1729 Imitatur
1325 1663 1431 1727 locum

109 1774 263 1840 illustrem
290 1776 429 1841 Platonis
458 1778 539 1862 Rep.
568 1776 623 1855 IX,
654 1779 715 1858 584
743 1799 806 1861 sq„
835 1780 922 1842 euius
949 1777 1035 1841 linis:
1069 1772 1192 1844 Ούκούν
1221 1787 1275 1843 καῖ
1302 1782 1338 1842 αλ
1366 1776 1431 1863 πρό

107 1886 293 1971 μελλόντων
313 1888 436 1958 τούτων
467 1890 504 1956 ἐκ
539 1890 730 1978 προςδοκίας
756 1887 942 1976 γιγνόμεναι
970 1885 1182 1981 προησθήσεις
1212 1913 1248 1954 τε
1278 1896 1333 1953 καὶ
1354 1913 1427 1976 προ-

109 1995 267 2084 λυπήσεις
288 1997 373 2066 κατά
397 1998 504 2068 ταύτὰ
526 2001 671 2085 ἐχουσιν,
694 2003 788 2069 Karai
812 1997 931 2068 ταδτά.

214 2107 250 2173 Β·
272 2110 322 2186 82,
349 2111 395 2175 18.
426 2113 483 2179 ἵνα
511 2113 549 2178 δέ
574 2122 709 2197 γένηταί
730 2140 778 2192 τις
801 2114 960 2203 ἐκεχειρία
982 2111 1046 2179 τοῖν
1067 2105 1287 2197 άνθρωπίνων
1317 2108 1428 2176 κακοῖν

110 2227 168 2284 καὶ
197 2215 282 2297 δπως
310 2226 345 2286 αἱ
370 2218 476 2289 λύπαι
504 2222 680 2291 παύωνται
705 2236 953 2291 κατατείνουσαι
989 2230 1045 2288 καῖ
1079 2222 1220 2304 χαλῶσι,
1250 2215 1288 2285 τδ
1316 2219 1426 2305 χρῆμα

110 2329 177 2395 τῶν
203 2330 417 2418 πανηγύρεων
444 2333 598 2421 ἐξευρέθη
619 2337 684 2401 κτλ.
714 2361 757 2387 =
782 2334 863 2417 Rep.
894 2332 917 2411 Ι,
941 2349 1004 2414 329
1032 2331 1057 2394 C
1060 2377 1256 2396 ·······
1282 2341 1428 2413 γίγνεται

110 2449 167 2505 καῖ
200 2441 383 2526 ἐλευθερία,
417 2443 557 2512 ἐπειδάν
585 2451 621 2512 αἱ
654 2445 836 2529 ἐπιθυμίαι
868 2442 1060 2529 παύσωνται
1092 2454 1341 2509 κατατείνουσαι
1373 2450 1430 2525 καῖ

110 2548 309 2634 χαλάσωσιν.
341 2550 497 2618 imitando
512 2555 663 2639 expressit
675 2555 846 2632 Choriciu‘s,
862 2574 945 2639 quae
960 2550 1001 2617 de
1015 2561 1177 2616 senectute
1192 2547 1369 2627 laudantur,
1386 2547 1427 2614 ad

110 2657 179 2723 dies
202 2660 297 2725 festos
318 2663 465 2726 referens.
518 2670 522 2677 ’
599 2686 604 2697 ·

214 2771 248 2835 F.
273 2788 343 2853 227,
377 2790 424 2839 12.
459 2776 539 2867 πρὸς
570 2780 659 2847 θεῶν
682 2827 688 2839 .
714 2831 719 2843 .
745 2827 751 2840 .
777 2825 806 2843 ..
837 2772 931 2845 ούπω
962 2787 1045 2843 ποτέ
1073 2800 1122 2842 σοι
1139 2790 1279 2842 ,σκοπεῖν
1304 2774 1433 2862 ἐπῆλθε

109 2882 173 2961 τάξ
194 2886 328 2968 opletag
349 2886 416 2953 τῶν
436 2885 587 2971 φυλάκων
608 2890 726 2971 κυνῶν,
754 2884 815 2972 ούχ
842 2885 990 2977 ἐύρακας
1017 2882 1076 2955 σύν
1098 2883 1175 2955 ούδέ
1196 2886 1253 2953 διά
1274 2885 1339 2954 τῶν
1360 2907 1432 2951 σκυ-

109 2991 219 3062 λάκων
240 2992 338 3063 τόκον
358 3022 394 3062 τε
414 3007 468 3063 καὶ
489 2999 847 3090 τροφῆν.οι’κουρούσας,
869 2995 956 3066 άλλά
980 2998 1207 3085 συμφοιτιόσας
1235 3012 1299 3075 τοῖς
1323 2992 1432 3085 ἄρρεσι

115 3103 234 3196 (περὶ)
263 3106 325 3195 τρν
352 3105 477 3195 ἀγέλην.
523 3107 559 3173 ln
588 3117 656 3173 tota
683 3111 838 3174 sententia
868 3112 1009 3193 sequitur
1039 3109 1205 3200 manifesto
1235 3106 1315 3170 Plat.
1345 3106 1442 3189 Rep.-

108 3219 174 3294 4514
196 3215 242 3278 D:
265 3213 322 3295 τοὶς
346 3220 481 3303 θηλείας
502 3219 568 3287 τοῖν
589 3217 748 3304 φυλάκων
769 3225 875 3290 κυνοῖν
897 3219 1018 3311 πότερα
1041 3217 1278 3306 ξυμφυλάττειν
1292 3216 1432 3303 οἰόμεθα

109 3326 191 3403 δεῖν,
221 3323 307 3418 άπερ
329 3324 371 3395 δν
393 3333 423 3394 ολ
445 3326 575 3420 ἄρρενες
602 3331 796 3416 φυλάττωσι,
826 3342 880 3398 καὶ
903 3330 1114 3419 ξυνθηρεύειν
1135 3341 1188 3398 καὶ
1208 3324 1315 3397 τᾶλλα
1342 3328 1433 3425 κοινῇ

107 3435 278 3524 πράττειν,
300 3434 321 3526 ἢ
340 3435 400 3518 τάς
421 3446 481 3523 μὲν
503 3446 659 3532 οἰκουρεῖν
681 3442 777 3510 ἔνδον
798 3439 840 3520 ὦς
863 3439 1046 3538 ἀδυνάτους
1076 3444 1132 3511 διά
1154 3442 1211 3509 τδν
1232 3438 1296 3509 τῶν
1317 3437 1432 3507 σκυλά-

107 3574 176 3615 κων
204 3547 298 3617 τόκον
326 3560 442 3617 τεκαὶ
470 3551 600 3642 τροφήν,
629 3553 705 3632 τούς
733 3553 770 3619 δὲ
798 3565 912 3620 πονεῖν
939 3577 974 3618 τε
1002 3563 1058 3619 καὶ
1091 3554 1205 3622 πάσαν
1238 3552 1432 3636 ἐπιμέλειαν

114 3658 207 3741 ἐχειν
228 3668 302 3744 περὶ
323 3659 365 3726 τά
387 3671 543 3745 ποίμνια,
617 3695 636 3746 '.

216 3767 251 3830 F.
285 3770 355 3847 208,
386 3786 435 3837 21.
471 3770 529 3852 τάς
561 3801 595 3839 τε
613 3769 763 3863 Ἕκτορος
792 3768 903 3864 ύβρεις
929 3782 1002 3862 περὶ
1031 3771 1067 3839 τδ
1094 3772 1210 3858 μνῆμα
1237 3768 1432 3860 Πατρόκλου

105 3887 168 3945 καὶ
188 3879 247 3958 τοὶς
260 3881 327 3949 τοῖν
343 3883 573 3968 ζωγρηθέντων
594 3886 651 3952 ἐπὶ
665 3890 710 3977 τῷ
723 3881 815 3975 τάφη
831 3884 967 3969 σφαγάς.
1012 3864 1195 3945 Ἑοετεῐεπιε
1218 3881 1427 3959 ‚‚Paululum“

106 3990 211 4071 inquit
232 3993 389 4065 „mutavit
410 3994 511 4056 verba
532 3993 670 4058 Platonis
685 3991 726 4057 de
747 4014 812 4077 rep.
836 4014 866 4077 p.
884 4011 942 4075 391
968 3994 1002 4056 B.
1025 3993 1086 4073 τάς
1106 4020 1142 4058 τε
1155 3991 1306 4082 ’Έκτορος
1327 3993 1428 4070 ἕλξεις
1547 4000 1552 4008 ’

108 4109 190 4190 περὶ
211 4097 247 4166 τό
269 4102 355 4188 σῆμα
377 4100 415 4169 τό
438 4103 629 4195 Πατρόκλου
651 4114 707 4170 καὶ
728 4106 786 4183 τοὶς
807 4105 874 4173 τῶν
903 4106 1132 4195 ζωγρηθέντων
1153 4102 1281 4187 σφαγάς
1311 4109 1356 4182 εἰς
1376 4102 1433 4190 την

114 4208 259 4301 πυράν.“

220 4319 255 4383 G.
285 4336 355 4399 242,
388 4319 475 4396 XVI,
503 4341 533 4404 9.
573 4320 695 4403 πάντες
725 4323 752 4391 δ’
776 4320 910 4411 ἄμαχον
940 4322 1094 4411 εἰρηκότες
1125 4324 1183 4409 την
1214 4321 1311 4408 φύσιν
1338 4322 1431 4391 εἶναι.

114 4429 264 4496 Fortasse
293 4431 424 4515 paulum
452 4435 587 4497 mutavit
608 4433 715 4499 locum
737 4435 818 4519 Rep.
843 4449 901 4516 375
926 4434 962 4498 B.
985 4434 1041 4503 οὐκ
1064 4433 1260 4518 ἐννενόηκας,
1283 4430 1324 4512 οἷς
1347 4427 1432 4518 άμοι·

113 4539 178 4628 χόν
200 4568 235 4609 τε
256 4553 309 4609 καὶ
330 4542 483 4631 οἷνίκητον
503 4543 609 4630 θυμός
631 4540 698 4612 κτλ.

217 4669 253 4734 Β.
276 4686 347 4767 ⁸217,
370 4689 392 4751 9
412 4707 454 4716 -
476 4672 548 4748 218,
572 4687 601 4734 2.
634 4670 728 4764 Ὁρᾷς
750 4670 854 4763 ἄνδρα
869 4674 972 4759 τομήν
989 4668 1188 4757 άνεχόμενον
1207 4676 1323 4755 μέρους
1344 4664 1433 4761 αύτῷ

111 4805 202 4856 τινος
223 4780 393 4865 ἐλαχίστου
413 4780 588 4862 νοσοῦντος,
611 4785 668 4849 ἵνα
690 4785 837 4870 τελευτῆς
860 4782 1015 4868 ἐπιούσης
1036 4783 1154 4850 ἑαυτὸν
1175 4758 1353 4880 ἐξαρπάση,
1377 4788 1433 4846 καῖ

6 4916 13 4951 ι
105 4889 159 4977 ’μή
183 4889 380 5002 τρεφόμενον
400 4888 437 4979 τό
459 4897 576 4960 νοσούν
597 4893 682 4959 κατά
698 4893 804 4985 βραχύ
825 4895 862 4960 τδ
876 4895 1056 4984 ἐρρωμένον
1071 4894 1207 4994 ἐπέλθη,
1223 4892 1431 4973 ἐπειγομένου
