3542 5634
858 510 1069 567 ...49-

310 691 457 778 ούῦαμοῦ
479 692 661 778 φιλόνεικον
682 695 762 772 εἶδες
784 693 845 782 τῆν
874 693 930 782 σῆν
957 701 1136 784 θυγατέρα,
1166 693 1243 764 οῦδὲ
1270 696 1359 764 ἔστιν
1380 694 1399 762 ό
1420 723 1451 762 τι
1473 718 1629 784 προσταχ-
1678 703 1685 719 “

313 809 410 870 θεῖσα
434 821 540 871 ποιεῖν
561 799 600 872 ού
616 803 790 892 διηκόνησά
805 826 855 872 σοι
871 804 1058 894 προθύμως,
1082 809 1129 897 τῆ
1151 805 1190 874 δέ
1208 834 1264 891 μοι
1285 806 1358 886 τούς
1380 806 1537 889 οἷόελφοῦς
1559 806 1629 875 α’νε-

312 912 401 982 λόντι
422 911 486 981 κάν
507 914 697 1012 ἐπιτρέψης,
721 909 747 982 ὦ
769 915 882 1004 πάτερ,
905 911 944 984 οῦ
966 929 1119 1002 πείσομαι
1141 936 1304 986 συνοικεῖν.
1338 917 1488 981 Polakius
1504 917 1525 979 l.
1548 937 1573 983 c.
1596 938 1628 1002 p.

312 1026 383 1106 287.
428 1024 569 1105 „Totum
598 1026 681 1089 hunc
703 1024 810 1090 locum
833 1023 1039 1090 adumbrasse
1061 1023 1186 1091 videtur
1217 1024 1258 1091 ad
1289 1028 1497 1093 imitationem
1519 1027 1629 1092 Xeno·

310 1136 454 1219 phontis,
477 1133 563 1220 apud
584 1158 681 1221 quem
705 1137 835 1222 (Cyrop.
851 1136 905 1215 IV,
920 1137 950 1214 6,
966 1136 1000 1219 9)
1023 1138 1166 1231 Gohryas
1189 1137 1220 1201 in
1242 1139 1429 1203 suavissima
1450 1140 1630 1204 narratione

311 1247 380 1315 ἔστι
402 1250 441 1315 δέ
459 1276 514 1333 μοι
538 1296 545 1310 .
570 1297 576 1310 .
600 1297 608 1314 .
632 1296 640 1311 .
662 1259 719 1316 καὶ
740 1247 891 1337 θυγάτηρ
913 1257 1083 1341 παρθένος
1106 1248 1259 1339 άγαπητῆ
1280 1248 1393 1336 γάμουΙ
1415 1247 1475 1339 ῆῦη
1508 1247 1628 1340 ιόραία,

311 1356 352 1445 ῆν
375 1359 437 1442 ἐγώ
460 1357 608 1448 πρόσθεν
628 1366 689 1445 μὲν
711 1355 800 1453 ᾤμην
820 1365 868 1453 τῆ
890 1364 949 1430 νῦν
970 1359 1175 1442 βασιλεύοντι
1189 1375 1330 1445 γυναῖκα
1351 1372 1488 1451 τρέφειν’
1512 1367 1571 1431 νῦν
1591 1363 1631 1428 δὲ

313 1467 397 1555 αύτῆ
418 1481 456 1539 τέ
475 1499 531 1557 μοι
553 1470 573 1557 ῆ
597 1468 747 1562 θυγάτηρ
770 1470 879 1539 πολλά
894 1481 1047 1558 γοωμένη
1075 1478 1212 1541 ἱκέτευσε
1237 1473 1281 1560 μῆ
1312 1471 1425 1542 δοῦναι
1454 1470 1555 1562 αῦτῆν
1582 1472 1629 1564 τῷ

313 1586 370 1649 τοῦ
392 1580 533 1668 άόελφοῦ
547 1601 646 1668 φονεῖ,
668 1582 732 1666 ἐγώ
747 1611 782 1651 τε
797 1578 947 1663 ούσαύτως
968 1581 1167 1666 γιγνοόσκω.“
1203 1583 1308 1648 Multis
1323 1584 1437 1662 verbis
1453 1592 1489 1646 ut
1511 1584 1630 1648 faciunt

269 1725 272 1736 ·
313 1690 483 1777 sophistae,
517 1705 624 1758 noster
651 1694 855 1779 amplificavit
881 1695 1057 1778 simplicem
1090 1714 1195 1780 neque
1227 1696 1330 1760 minus
1359 1715 1489 1780 gravem
1521 1695 1629 1760 Xeno-

315 1804 442 1888 phontis
465 1807 686 1869 narrationem.
879 1788 884 1797 ’

319 1991 321 1997 .
412 1932 561 1997 Fortasse
583 1936 680 1998 etiam
702 1935 750 1999 his
774 1936 850 1999 locis
873 1934 1123 2018 Xenophontem
1146 1937 1313 2019 expressitt

413 2069 448 2135 B.
467 2071 529 2133 288
545 2071 634 2156 srgm.
655 2069 870 2157 λη’.Ἵπποι
891 2076 965 2157 μὲν
986 2083 1051 2139 καῖ
1072 2071 1168 2153 βόες
1189 2084 1254 2140 καῖ
1277 2073 1324 2140 τά
1338 2074 1387 2162 μῆ
1410 2085 1629 2160 μετέχοντα

311 2185 384 2249 τοῦ
406 2197 576 2272 φρονεῖν
598 2182 686 2281 εἰκῆ
707 2199 792 2263 τοῖς
821 2182 1015 2271 ἡγεμόσιν
1044 2182 1350 2267 ἀκολουθείτω,
1383 2183 1630 2275 άνθροόποις

309 2293 356 2359 δὲ
378 2295 573 2381 παρρησίαν,
597 2294 702 2379 οἶμαι,
725 2295 837 2363 δοτέον
859 2292 894 2361 τό
916 2296 959 2383 μῆ
982 2298 1090 2374 καλοῖς
1113 2295 1188 2380 ἕχον
1205 2295 1425 2383 ἐπανορθοῦν,
1449 2295 1559 2385 ἐπειδὴ
1573 2295 1629 2384 τῆς

312 2398 413 2491 αύτῆς
435 2409 623 2474 κοινωνοῦσι
645 2403 767 2491 φύσεως
789 2406 836 2497 τῆ
858 2404 995 2492 λαχόντι
1017 2407 1076 2495 τῆν
1105 2410 1254 2487 ἐξουσίαν
1282 2411 1348 2474 κτλ.
1391 2407 1500 2471 Verba
1520 2406 1629 2470 Xeno-

310 2515 437 2598 phontis
462 2525 535 2579 sunt
557 2516 635 2579 haec
659 2515 773 2601 Cyrop.
794 2516 817 2594 Ι,
844 2533 869 2595 1,
895 2534 931 2580 2:
961 2517 1008 2585 ἔτι
1031 2518 1067 2584 δὲ
1088 2516 1167 2608 πρός
1197 2515 1320 2598 τούτοις
1343 2517 1544 2603 ἐνενοοῦμεν,
1577 2516 1630 2585 ῦτι

312 2622 464 2717 άρχοντες
486 2638 547 2712 μέν
569 2634 628 2695 εἰσι
650 2638 705 2695 καὶ
727 2634 758 2694 ολ
778 2625 984 2708 βουκόλοι
1007 2633 1071 2697 τῦν
1092 2629 1198 2709 βοῦν
1223 2638 1280 2696 καὶ
1305 2635 1337 2696 οῖ
1359 2633 1629 2717 ἱπποφορβοὶ

310 2742 378 2806 τῶν
409 2742 562 2814 ἵππων,
589 2750 658 2806 καὶ
690 2737 847 2819 πάντες
881 2741 923 2807 δὲ
956 2744 992 2806 ολ
1024 2738 1280 2825 καλούμενοι
1315 2753 1471 2826 νομεῖς,
1506 2730 1553 2808 (όν
1585 2737 1631 2807 άν

309 2851 509 2918 ἐπιστατῶσι
543 2849 639 2943 ζῴων,
681 2848 809 2930 εἰκότως
850 2849 894 2920 άν
926 2847 1074 2936 άρχοντες
1121 2850 1244 2921 τούτων
1293 2853 1485 2935 νομίζοιντο·
1520 2849 1631 2929 πάσας

311 2976 421 3031 τοίνυν
452 2959 576 3041 ταύτας
609 2962 669 3042 τάς
703 2960 822 3044 άγέλας
855 2964 1029 3046 ἐδοκοῦμεν
1061 2957 1145 3051 άράν
1183 2964 1350 3046 μᾶλλον
1390 2962 1632 3040 ἐθελούσας

311 3082 549 3141 πείθεσθαι
571 3086 659 3152 τοῖς
682 3077 841 3159 νομεῦσι
864 3122 896 3138 ..
920 3121 926 3136 .
950 3123 958 3139 .
979 3070 1179 3164 πορεύονταί
1196 3099 1231 3140 τε
1251 3073 1314 3165 γάρ
1337 3078 1374 3140 αἱ
1400 3072 1528 3156 άγέλαι,
1550 3064 1631 3173 ῆάν

312 3182 417 3263 αύτάς
432 3182 615 3254 εὐθύνωσιν
636 3189 668 3251 οἱ
690 3202 796 3269 νομεῖς
820 3230 828 3246 .
852 3233 858 3247 .
883 3234 893 3250 .
916 3182 1131 3275 άνθρωποι
1153 3184 1189 3251 δὲ
1211 3188 1278 3251 κτλ.

413 3322 449 3387 Β.
473 3324 523 3403 38,
550 3341 596 3386 11.
621 3331 763 3407 Λέγεται
784 3336 894 3392 τοίνυν
915 3319 1009 3413 κόρην
1029 3327 1090 3407 μὲν
1112 3312 1215 3390 οὖσαν
1231 3370 1238 3387 .
1256 3368 1262 3382 ·
1279 3327 1431 3410 ,βραχέα
1446 3348 1481 3388 τε
1495 3329 1628 3406 φθεγγο-

311 3443 412 3522 μένην
432 3445 487 3501 καὶ
509 3439 616 3504 ταῦτα
648 3437 840 3515 βλέπουσαν
862 3430 950 3500 κάτω
977 3430 1063 3518 μετά
1094 3433 1198 3521 φωνῆς
1231 3431 1388 3520 ῆρεμαίας
1421 3429 1629 3521 ἐρυθήματος

312 3539 399 3643 αύτῆ
425 3550 491 3614 τῦν
523 3542 675 3636 ῥημάτων
706 3557 960 3635 προηγουμένου.
996 3543 1042 3610 Cs.
1072 3543 1143 3629 Cyr.
1171 3561 1197 3625 1,
1219 3562 1257 3623 4,
1283 3560 1314 3622 4.
1345 3541 1396 3622 Ὡς
1426 3543 1463 3610 δὲ
1491 3542 1631 3633 προῆγεν

313 3654 414 3725 αύτόν
436 3655 455 3723 ό
477 3655 590 3743 χρόνος
612 3656 671 3725 σύν
692 3664 826 3743 μεγέθει
848 3661 892 3736 εἰς
915 3653 1003 3746 όόραν
1029 3661 1089 3725 τοῦ
1103 3654 1265 3747 πρόσηβον
1286 3664 1443 3738 γενέσθαι
1465 3650 1628 3745 ἐντούτῳ

311 3768 350 3853 rip*
363 3785 428 3846 τοῖς
439 3773 499 3852 μὲν
510 3765 615 3851 λόγοις
626 3774 833 3861 βραχυτέροις
845 3768 959 3859 ἐχρῆτο
970 3778 1025 3835 καὶ
1034 3768 1075 3866 τῆ
1086 3767 1177 3866 φωνῆ
1194 3766 1397 3858 ἡσυχαιτέρᾳ,
1409 3765 1521 3844 αἰδοῦς
1534 3765 1630 3833 δ’ένε-

312 3881 490 3964 πίμπλατο,
512 3873 592 3946 ὥστε
610 3890 666 3948 καὶ
682 3880 936 3970 ἐρυθαίνεσθαι,
960 3876 1059 3947 όπότε
1082 3874 1296 3962 συντυγχάνοι
1316 3891 1384 3956 τοῖς
1398 3881 1630 3968 πρεσβυτέροις.

414 4016 558 4101 Singula:

406 4142 447 4208 Β.
471 4146 542 4226 238,
568 4161 594 4208 Ι.
628 4144 713 4232 ύμάς
734 4191 898 4210 ......
921 4146 1114 4229 ἐπισπῶμαι
1136 4143 1216 4232 πρός
1239 4142 1341 4210 ἔλεον.
1374 4140 1422 4203 Cf.
1447 4140 1519 4226 Cyr.
1534 4140 1575 4215 V,
1601 4154 1629 4220 5,

317 4273 363 4322 10.
386 4254 442 4327 τόν
464 4263 568 4349 Κῦρον
589 4255 798 4331 ἐπεσπάσατο
820 4258 1056 4344 ἐμπλησθῆναι
1078 4252 1225 4345 δακρύων
1245 4253 1288 4320 τά
1312 4250 1455 4339 όμματα.

415 4368 452 4431 G.
478 4383 528 4450 70,
550 4367 604 4447 IV,
628 4383 657 4450 7.
691 4365 748 4435 διά
776 4368 914 4438 πάντων
942 4364 1056 4455 ἐχιόρει
1083 4367 1125 4434 τά
1158 4371 1240 4454 ξίφη.
1275 4364 1347 4448 Cyr.
1369 4363 1419 4441 III,
1443 4380 1471 4444 3,
1493 4363 1545 4426 62.
1571 4364 1631 4429 διά

313 4476 448 4548 πάντων
470 4479 508 4567 (iri
532 4476 639 4571 ῦσπερ
660 4477 836 4570 παρηγγύα
859 4474 983 4567 ἐχώρει.

415 4591 453 4653 G.
478 4607 549 4672 232,
572 4589 628 4669 XI,
651 4610 681 4672 9.
703 4587 858 4676 εύστόχως
880 4589 942 4676 τῆν
962 4586 1087 4677 Λίῆτου
1110 4587 1233 4668 βαλών.
1280 4586 1352 4672 Cyr.
1374 4587 1396 4664 I,
1418 4603 1449 4664 4,
1473 4588 1501 4652 8.
1524 4583 1633 4665 εῦστό·

313 4731 374 4788 χως
398 4702 526 4784 βάλλει.

421 4814 456 4877 F.
481 4830 552 4893 224,
578 4829 624 4896 ¹7·
656 4813 784 4904 (όραίαν
814 4813 881 4899 ἔχει
913 4811 1020 4898 γάμου
1051 4818 1223 4902 παρθένον
1253 4806 1368 4875 eodem
1403 4807 1500 4873 modo
1534 4817 1636 4892 atque

313 4924 500 5008 Xenophon
523 4924 594 5009 Cyr.
608 4923 662 5001 IV,
678 4925 708 5001 6,
725 4944 754 5005 9.
776 4902 923 5015 θυγάτηρ
945 4931 1113 5013 παρθένος
1135 4922 1289 5013 άγαπητῆ
1312 4920 1420 5007 γάμου
1441 4919 1500 5010 ῆδη
1517 4919 1637 5011 ιόραία.
