3542 5634
872 559 1121 617 ..38-.

322 741 561 836 άπωθουμίνηι,
595 754 792 831 πειρωμένην
824 741 926 812 αὐτὸν
954 745 1013 832 τήν
1035 742 1263 836 προσήκουσαν
1290 743 1435 834 άμοιβήν
1464 749 1653 837 §rypemdon

325 859 475 926 Defendit
496 857 725 946 tyrannicidam
748 863 925 945 praemium
953 863 1099 927 facinoris
1125 885 1145 927 a
1174 863 1292 948 populo
1318 871 1479 947 petentem
1508 880 1651 924 comme-

327 993 455 1038 morans
478 972 631 1036 Periclem
655 993 725 1036 sese
747 974 849 1057 ipsum
873 971 1068 1041 laudantem.

428 1108 541 1173 Altero
564 1108 636 1174 loco
660 1111 759 1173 verba
773 1108 983 1195 Thucydidea
1003 1112 1146 1195 sophista
1167 1132 1225 1175 sua
1248 1110 1336 1174 lacit:
1360 1112 1395 1176 Β.
1421 1127 1467 1189 14,
1491 1128 1520 1191 9.
1543 1109 1655 1186 δεινὸς

326 1222 369 1289 τά
393 1224 510 1291 δέοντα
533 1221 657 1305 γνῶναι
679 1233 734 1289 καὶ
757 1221 910 1313 λαμπρὰς
930 1224 1136 1313 ἑρμηνεῦσαι.
1171 1225 1232 1288 Hic
1249 1224 1336 1287 locus
1353 1222 1533 1286 Choricium
1547 1221 1656 1284 verba

324 1329 517 1417 Thucydidis
563 1335 749 1417 cognovisse
791 1331 997 1397 demonstrat.
1053 1334 1165 1399 Restat
1211 1336 1364 1419 quaestio
1407 1355 1484 1397 num
1531 1352 1570 1395 ea
1605 1332 1654 1393 ab

326 1443 394 1507 aliis
432 1444 577 1527 petiverit
617 1453 649 1506 et
690 1445 763 1528 ipsis
803 1464 822 1507 a
872 1442 1060 1529 Thucydide
1110 1443 1330 1529 pendentibus.
1392 1446 1435 1509 Et
1491 1439 1654 1507 Aristides

326 1554 433 1618 rhetor
464 1551 523 1639 (or.
554 1554 597 1633 46
626 1574 655 1638 p.
688 1553 762 1635 160)
792 1564 824 1618 et
845 1555 1006 1619 Himerius
1041 1555 1123 1638 (Ecl.
1153 1556 1235 1634 28Ι,
1268 1556 1301 1640 3)
1333 1558 1417 1620 hunc
1453 1551 1653 1639 Thucydidis

328 1666 435 1728 locum
471 1675 696 1750 respexerunt,
755 1664 787 1730 id
833 1666 921 1752 quod
964 1669 1083 1752 primus
1127 1666 1350 1733 Boissonadius
1393 1669 1441 1730 vir
1482 1668 1514 1729 in
1555 1666 1653 1728 huius

328 1777 438 1840 aetatis
472 1778 659 1860 scriptorum
693 1780 844 1862 operibus
885 1782 1116 1845 versatissimus
1158 1779 1330 1844 adnotavit.
1391 1780 1535 1861 Quorum
1568 1776 1654 1840 alter

329 1885 506 1973 (Aristides)
533 1908 729 1973 quamquam
744 1888 964 1975 Thucydidem
986 1893 1134 1977 respexit,
1154 1902 1261 1956 tamen
1282 1893 1375 1954 huius
1397 1890 1496 1953 verba
1518 1889 1653 1951 omnino

212 2002 216 2010 '
331 2001 477 2062 mutavit:
512 2000 618 2068 ἐδόκει
650 2001 713 2091 γάρ
745 1998 851 2091 ὥσπερ
883 1997 965 2069 άλλο
998 2031 1031 2068 τι
1064 2013 1118 2069 καὶ
1145 2010 1240 2072 τοῦτο
1271 2001 1437 2088 σύμβολον
1462 2005 1522 2069 τοῦ
1554 2006 1651 2088 Περι-

330 2113 440 2190 κλέους
472 2113 577 2190 εἶναι,
614 2112 651 2179 τὰ
684 2112 901 2204 ὑπερφρονεῖν
942 2113 1124 2205 χρημάτων·
1164 2111 1247 2181 ὥστε
1281 2125 1336 2180 καὶ
1370 2110 1469 2193 αὐτός
1500 2138 1579 2179 ποτε
1612 2112 1653 2177 ἐν

331 2225 379 2312 τῷ
401 2221 492 2313 δήμῳ
516 2222 815 2314 παρρησιαζόμενος
830 2234 888 2290 καῖ
904 2229 1007 2307 λέγων
1020 2236 1095 2316 περὶ
1109 2230 1175 2294 τῶν
1189 2224 1279 2317 αὐτῷ
1293 2221 1483 2315 προσόντων
1495 2222 1652 2305 οἷγαθοῖν,

332 2337 368 2399 ἕν
382 2359 413 2397 τι
427 2343 482 2398 καὶ
497 2329 592 2400 τοῦτο
614 2335 651 2401 ἐν
673 2334 812 2426 πρώτοις
835 2337 954 2420 ἐτίθει,
976 2337 1036 2423 τήν
1051 2347 1125 2426 περὶ
1140 2341 1247 2404 ταῦτα
1262 2338 1522 2426 μεγαλοψυχίαν.
1556 2332 1653 2396 Alter

333 2441 521 2526 (Himerius)
544 2442 737 2529 Thucydidis
759 2446 914 2510 nonnulla
935 2455 1059 2510 tantum
1074 2448 1173 2511 verba
1195 2448 1225 2510 in
1247 2456 1371 2510 textum
1393 2445 1525 2529 recepit:
1548 2450 1653 2527 εἰμὲν

334 2559 438 2622 εἰπεῖν
454 2554 509 2653 δέη
524 2556 582 2624 τὸν
597 2561 755 2646 Περικλέα
771 2558 868 2627 νικῶν
884 2612 890 2624 .
909 2609 915 2621 .
934 2613 940 2625 .
959 2561 1107 2645 μάλλον
1129 2560 1165 2626 δὲ
1186 2571 1243 2625 καὶ
1265 2557 1501 2645 φιλόπολις,
1524 2555 1654 2641 μάλλον

335 2665 448 2731 δὲκαὶ
469 2667 690 2758 χρημάτων
711 2683 926 2759 κρείττων,
959 2668 1040 2762 άπερ
1061 2667 1083 2757 ἦ
1105 2671 1269 2761 συγγραφή
1293 2671 1351 2737 τόν
1372 2671 1531 2756 Περικλέα
1558 2687 1653 2755 προσ-

335 2787 464 2865 είρηκεν.

439 2915 593 2982 Videmus
631 2919 722 3003 igitur
755 2922 835 2983 inter
871 2920 986 2983 horum
1026 2930 1058 2983 et
1100 2920 1235 2983 Choricii
1272 2916 1372 2983 verba
1410 2924 1533 2979 tantam
1563 2914 1659 2976 inter·

338 3028 452 3094 cedere
485 3028 779 3109 dissimilitudinem,
822 3041 977 3117 quantam
1014 3034 1095 3095 inter
1139 3033 1319 3096 Choricium
1363 3038 1395 3093 et
1435 3022 1660 3111 Thucydidem

339 3141 573 3226 aequalitatem.
618 3143 704 3227 Ergo
726 3144 828 3227 primo
851 3145 923 3207 loco
947 3154 978 3207 et
999 3145 1092 3207 tertio
1113 3140 1306 3228 Thucydidis
1321 3141 1492 3204 verborum
1514 3139 1659 3221 ipsorum

338 3273 403 3316 non
427 3254 608 3317 meminisse
631 3273 706 3317 eum
729 3254 772 3318 nil
799 3264 847 3318 est
869 3275 925 3318 cur
947 3264 1105 3339 putemus.
1157 3253 1261 3318 Immo
1283 3272 1361 3316 vero
1383 3253 1485 3336 primo
1508 3234 1578 3313 loco
1600 3268 1660 3332 per

339 3365 542 3448 paraphrasin
574 3368 708 3430 mutavit
741 3368 840 3431 verba
869 3364 1071 3452 Thucydidis,
1103 3374 1205 3429 totam
1235 3365 1484 3429 enuntiationem
1513 3360 1660 3424 retinuitt

339 3476 448 3541 Tertio
482 3473 619 3561 denique
651 3478 723 3541 loco
752 3477 944 3562 Procopium
985 3479 1172 3562 magistrum
1212 3474 1332 3541 eisdem
1365 3473 1510 3540 laudibus
1556 3469 1659 3548 effert,

339 3589 453 3673 quibus
475 3587 610 3653 Pericles
632 3586 856 3674 Thucydideus
880 3589 1038 3673 gloriatur.

442 3726 477 3789 B.
502 3744 552 3808 31,
587 3725 624 3790 18
651 3747 696 3810 sq.
729 3731 794 3790 n'ot.
831 3743 878 3790 10.
935 3724 1062 3796 Οὔκουν
1095 3726 1115 3816 ἦ
1147 3732 1298 3807 Λεσβίων
1329 3723 1510 3812 πανήγυρις
1540 3718 1662 3809 ἡδονήν

340 3839 426 3925 εἶχεν
448 3837 569 3918 αὐτοῖς,
592 3836 645 3906 ὅτε
666 3832 806 3926 πόλεμος
827 3835 1019 3927 Ἀθήνηθεν
1041 3835 1202 3927 η’πειλεῐιό
1218 3842 1259 3936 τῇ
1280 3835 1375 3928 νήσῳ.
1419 3827 1541 3896 Alludit
1554 3830 1660 3892 Thuc.

341 3947 390 4025 Ill,
415 3950 549 4030 33-36.

444 4086 479 4150 G.
504 4103 554 4168 71,
577 4087 619 4166 V,
646 4104 658 4149 1
684 4097 750 4153 not.
778 4103 806 4154 2.
839 4095 982 4180 Πορείαν
1004 4080 1062 4156 οὖν
1083 4084 1210 4166 άγθατον
1228 4084 1270 4155 οὗ
1292 4089 1339 4177 τρῖ
1361 4082 1485 4169 πλήθει
1505 4084 1560 4169 τῆς
1582 4073 1663 4168 ὅλης

341 4196 427 4265 κατά
449 4198 507 4286 την
528 4202 564 4278 ἐξ
585 4197 739 4291 Ὀὃρυσῶν
760 4201 817 4266 ἐπὶ
839 4207 986 4278 Παίονας
1015 4196 1098 4275 ὁδόν,
1121 4196 1162 4286 ἣν
1183 4196 1345 4282 ὦμάλισεν
1373 4194 1390 4261 ὁ
1412 4191 1571 4279 Σιτάλκης
1593 4192 1665 4258 κτλ.

347 4295 351 4302 ι

344 4309 391 4373 Cf.
413 4310 513 4374 Thuc.
538 4309 575 4389 II,
598 4312 649 4392 98.
677 4310 777 4375 Plane
800 4312 935 4374 mutavit
957 4311 1055 4374 verba
1078 4310 1228 4394 sophista.

443 4498 637 4565 Imitationes
648 4523 656 4567 ι

405 4637 508 4716 Β.28,
532 4655 569 4722 17
592 4662 637 4724 sq.
659 4636 978 4727 ΑάυητοῖνΠαλαι-
1092 4634 1194 4701 Thuc.
1216 4633 1253 4710 ΙΙ,
1280 4625 1332 4711 48,
1356 4649 1379 4694 1.
1415 4629 1594 4717 Ἤρξατο
1630 4631 1668 4698 δὲ

343 4765 446 4834 στίνης
470 4753 621 4836 ἐγένετο
644 4747 847 4843 πραγμάτων
865 4748 977 4838 οἷρχή.
1028 4744 1064 4814 τά
1086 4751 1147 4832 μὲν
1168 4748 1297 4836 πρῶτον

343 4858 517 4932 Ἐντεῦθεν
566 4870 595 4930 ol
638 4866 799 4950 δυσμενεῖς
849 4858 977 4951 ήρεμεῑν

343 4974 579 5064 ἠναγκάζοντο,
619 4971 735 5065 ἄνδρες
766 5026 772 5038 .
801 5026 807 5039 .
840 5022 847 5036 .
879 5022 886 5036 .
920 4982 975 5040 καὶ
