3542 5634
622 507 885 591 ,511-

112 683 117 692 ’
229 691 265 757 G.
283 692 351 767 228,
367 689 447 765 VIII,
465 705 514 768 24.
562 688 686 759 Ούκούν
708 688 771 782 όσφ
787 691 907 776 μείζονι
929 687 990 776 την
1010 676 1157 772 μοιχείαν
1178 680 1353 762 κολάζουσι
1377 684 1445 784 δίκη

129 801 195 885 (sel.
240 807 269 868 oi
312 802 526 888 νομοθέται),
570 802 711 894 τοσούτῳ
760 804 894 870 πλείονα
944 797 1210 891 σωφροσύνης
1250 804 1445 879 τίθενται

126 916 338 1004 πρόνοιαν
360 916 424 980 κτλ.
455 912 551 978 -Tim
578 931 627 993 32,
651 916 708 995 §6
730 913 793 997 (1)·.
817 921 992 1006 σκέψασθε
1013 902 1137 1001 γάρτό
1166 905 1346 997 Ἀθηναῖοι,
1370 905 1446 995 όσην

127 1028 286 1120 πρόνοιαν
307 1036 381 1116 περὶ
404 1023 606 1114 σωφροσύνης
629 1016 804 1115 ἐποιήσατο
826 1025 892 1093 τοῖν
912 1026 1042 1124 παίδων
1062 1028 1129 1090 τοῖν
1152 1021 1321 1109 ἡμετέρων.
1364 1019 1448 1082 Pau·

32 1134 36 1141 ’
123 1139 228 1218 ‚lulum
261 1138 395 1201 mutavit
417 1140 524 1200 rhetor
546 1135 713 1201 Aeschinis
735 1138 842 1203 verba.

228 1250 263 1313 F.
285 1254 359 1327 218,
389 1266 434 1329 13.
466 1248 482 1316 ό
506 1247 544 1332 δη
567 1250 644 1341 πρός
676 1251 799 1317 ἐκείνου
830 1257 964 1333 μέτριον
990 1241 1091 1314 αύτόν
1112 1237 1291 1333 παρασχόν
1312 1246 1382 1320 πῶς
1404 1238 1447 1307 δν

130 1366 196 1428 κτλ.
239 1362 324 1430 Tim.
356 1378 394 1442 27
419 1358 477 1441 §I
512 1360 576 1444 (1):
625 1407 662 1425 ..
693 1356 767 1427 ἄλλ’
797 1358 839 1438 οἷς
869 1359 969 1441 ἔγωγε
1001 1358 1118 1441 νομίζω
1145 1366 1274 1445 μέτριον
1303 1352 1449 1436 ἐμαυτόν

132 1474 215 1561 πρός
238 1478 358 1539 ἕκαστα
381 1469 504 1540 τούτοιν
525 1471 744 1571 παρεσχηκώς.

234 1583 270 1646 G.
295 1599 366 1662 230,
391 1585 411 1663 ξ
433 1580 475 1657 Χ,
504 1599 553 1647 12.
571 1584 638 1649 ’ἐπὶ
666 1583 714 1673 τῷ
742 1579 869 1666 στόματι
890 1574 1171 1669 μισθαρνοῦντας.
1215 1574 1297 1640 Tim.
1324 1577 1345 1655 ἓ
1372 1586 1446 1653 154:

129 1693 406 1782 μεμισθαρνηκως
428 1693 475 1786 τῷ
498 1693 632 1780 στόματι.
847 1676 853 1686 .

549 1889 579 1951 b.
604 1887 649 1952 de
672 1888 780 1952 salsa
802 1889 1027 1973 legatione.

231 2028 266 2090 G.
291 2044 351 2105 242
374 2025 460 2104 XVI,
488 2040 534 2107 15.
579 2034 623 2092 Εἰ
643 2014 682 2094 δέ
700 2046 740 2109 με
762 2028 812 2092 δεῖ
838 2037 894 2094 καὶ
915 2025 1134 2116 ῥητορικήν
1158 2050 1232 2091 τινα
1262 2031 1445 2110 μαρτυρίαν

126 2146 385 2229 προσθεῖναι-
411 2141 461 2204 δεῖ
483 2140 519 2204 δὲ
542 2139 696 2226 σοφιστήν
718 2139 803 2205 εἶναι
826 2137 1030 2224 πειρώμενον
1044 2173 1095 2219 -,
1118 2141 1204 2220 λέγει
1227 2162 1291 2202 που
1314 2130 1446 2223 ῥήτωρ

125 2281 198 2331 τις,
229 2244 274 2320 οὗ
304 2248 469 2340 χάριτες
502 2254 536 2315 οἱ
569 2247 685 2331 λόγοι
709 2249 1117 2340 προσαγορεύονταιῑ)
1144 2245 1223 2325 ,οὐκ
1252 2243 1296 2313 άν
1316 2256 1443 2327 γένοιτο

46 2364 52 2373 ’
126 2365 260 2454 χρηστός
291 2361 309 2428 ό
336 2358 435 2439 κακός
464 2361 501 2437 ἐξ
534 2365 648 2449 ἑτέρας
677 2367 721 2440 εἰς
751 2366 868 2450 ἑτέραν
891 2360 987 2428 πόλιν
1008 2359 1157 2427 ἐλθων.“
1200 2357 1324 2420 Locum
1347 2374 1445 2438 quem

109 2451 156 2539 ‘iu
188 2483 295 2537 mente
323 2473 432 2535 hahuit
459 2472 636 2534 invenimus
667 2474 698 2534 in
726 2470 845 2536 Aesch.
874 2490 919 2532 or.
947 2468 987 2533 de
1017 2471 1083 2534 sals.
1108 2470 1167 2554 leg.
1200 2489 1230 2552 p.
1255 2484 1315 2549 317
1338 2463 1362 2551 ᾗ
1388 2474 1446 2544 152

123 2570 208 2668 (48):
232 2583 269 2653 ού
291 2585 353 2674 γάρ
375 2583 395 2671 ἡ
421 2585 610 2651 Μακεδονία
637 2585 756 2662 κακούς
777 2581 796 2671 ἢ
824 2581 976 2675 χρηστούς
998 2600 1095 2660 ποιεῖ,
1119 2580 1189 2649 ἀλλ’
1211 2580 1232 2668 ἦ
1254 2578 1357 2665 φύσις
1381 2573 1447 2646 ούδ

127 2699 223 2780 ἐσμὲν
246 2703 351 2787 ἕτεροί
368 2722 450 2772 τινες
478 2692 607 2783 ἥκοντες
631 2689 699 2762 nimi
728 2696 785 2781 τῆς
813 2699 997 2784 πρεσβείας,
1023 2691 1098 2760 ἄλλ’
1121 2697 1205 2772 οἵους
1226 2693 1447 2783 ἐξεπέμψατε.

229 2833 264 2894 G.
295 2849 366 2913 227,
395 2831 476 2915 VIII,
510 2826 555 2924 17.
611 2836 793 2922 Τοιγαρούν
822 2831 889 2896 τῶν
921 2826 1110 2918 Ἀθηναίων
1142 2835 1172 2895 οἱ
1204 2832 1364 2919 πρέσβεις,
1396 2824 1448 2906 οὓς

126 2943 211 3033 ύπὲρ
244 2940 363 3034 εἰρήνης
383 2941 413 3031 ἦ
435 2942 532 3021 πόλις
566 2939 770 3021 α’πέστειλεν,
806 2940 845 3010 ου’
877 2943 947 3030 τήν·
967 2942 1003 3009 ἐν
1039 2955 1107 3020 τοῖς
1143 2939 1315 3030 πράγμασι
1348 2935 1447 3024 μόνον

130 3057 295 3122 Φιλίππου
329 3052 495 3138 δεινότητα
524 3052 758 3139 θαυμάσαντες
786 3055 995 3137 ἐπανῆλθον,
1028 3050 1115 3119 άλλά
1144 3061 1200 3118 καὶ
1230 3051 1284 3136 τῆς
1318 3050 1355 3116 ἐν
1382 3065 1447 3129 τοῖς

126 3163 242 3244 πότοις
266 3163 368 3232 αύτού
391 3163 570 3250 δεξιότητος
594 3161 806 3249 οἷγασθέντες,
829 3161 912 3230 ὥστε
933 3162 993 3232 τόν
1014 3165 1050 3231 ἒν
1071 3158 1202 3241 ἐκείνοις
1224 3152 1449 3252 πρεσβύτατον

125 3283 237 3353 εἰπεῖν,
262 3272 304 3354 οἷς
324 3273 480 3360 τυγχάνοι
506 3283 566 3360 μὲν
587 3282 629 3355 είς
656 3273 786 3362 μακρόν
806 3271 865 3365 ἤδη
893 3276 993 3365 γῆρας
1022 3275 1152 3353 ἐλάσας,
1182 3270 1273 3342 ούπω
1301 3276 1331 3340 δ’
1350 3271 1448 3352 ούτως

103 3384 214 3475 ’ἡδύν
239 3371 385 3454 κοῖστεῑόυ
420 3384 638 3476 (ἄνθρωπον)
679 3388 830 3478 ἐωρακολς
858 3392 919 3475 εἴη·
958 3384 1017 3471 [18]
1052 3381 1133 3453 ούτω
1168 3388 1360 3470 φιλοπονίας
1391 3394 1448 3451 καὶ

127 3497 260 3584 χάριτος
283 3497 302 3564 ό
326 3499 490 3565 Μακεδών
512 3504 556 3579 εἰς
578 3496 678 3590 άκρον
700 3498 843 3584 οἷφίκετο,
867 3510 923 3565 καὶ
951 3503 1067 3564 οἴκοθε
1093 3508 1160 3581 μέν,
1188 3493 1230 3574 οἷς
1256 3493 1347 3572 εἰκός,
1370 3496 1448 3561 ἐποι-

127 3608 281 3695 φρόδιτος
303 3606 358 3687 όν,
388 3596 586 3694 προσλαβόν
608 3611 647 3676 δέ
664 3637 696 3675 τι
719 3619 775 3676 καὶ
797 3615 837 3707 τῇ
860 3617 927 3699 θέρε
943 3609 1008 3677 τῶν
1029 3621 1141 3694 μίμων.
1167 3604 1235 3691 [19].
1252 3603 1362 3675 Ἔστιν
1384 3604 1449 3697 ἄρα

127 3718 307 3809 πρόθυμόν
329 3727 356 3784 τ’
386 3720 469 3786 εἶναι
495 3730 550 3786 καὶ
576 3719 765 3806 κτήσασθαι
797 3719 900 3797 δόξαν
924 3770 929 3781 ·
955 3769 962 3782 .
988 3769 994 3781 .
1025 3737 1130 3808 μίμων
1159 3714 1377 3809 κεόφροσύνηυ
1405 3716 1449 3801 μη

130 3829 340 3915 ζημιοῦσθαι·
366 3836 472 3898 ταῦτα
495 3812 559 3916 γάρ
583 3811 719 3900 ἅπαντα
745 3834 904 3923 Φιλίππῳ
927 3832 1056 3923 προσῆν.
1101 3830 1295 3915 Exemplum
1317 3829 1450 3913 Phihppi

125 3943 237 4026 petivit
264 3962 304 4004 ex
334 3939 451 4004 Aesch.
478 3961 523 4004 or.
553 3938 593 4004 de
621 3941 689 4004 sals.
720 3941 780 4025 leg.
812 3955 870 4022 225
906 3947 989 4024 §42
1020 3944 1090 4026 (33)
1120 3942 1169 4027 (cf.
1200 3953 1265 4006 not.
1298 3942 1349 4004 Gr.
1384 3942 1451 4021 25.)

128 4058 347 4140 Κτησιφῶντος
375 4054 419 4127 δέ,
443 4048 541 4137 όςπερ
565 4045 605 4139 ἤν
626 4051 718 4140 ημῶν
750 4054 986 4144 πρεσβύτατος,
1022 4055 1208 4147 ὑπερβολήν
1234 4060 1295 4122 τιν’
1327 4057 1451 4123 ἑαυτοῦ

125 4162 349 4250 παλαιότητος
371 4173 426 4229 καὶ
441 4160 592 4251 πλήθους
615 4165 698 4232 ἐτῶν
719 4163 881 4244 εἰπόντος,
905 4175 960 4231 καὶ
982 4173 1193 4252 προςθέντος,
1218 4163 1261 4243 τός
1283 4167 1318 4233 ἐν
1339 4161 1445 4231 τοσού-

125 4304 170 4366 τφ
204 4274 307 4366 χρόνῳ
346 4286 400 4341 καὶ
424 4280 483 4364 βίφ
511 4273 549 4342 ου’
581 4273 715 4342 πώποθ’
749 4274 850 4355 οὕτως
872 4276 953 4362 ἡδύν
981 4272 1049 4345 τύδ’
1071 4258 1294 4367 ἐπαφρόδιτον
1316 4272 1446 4365 άνθρω-

126 4411 193 4453 πον
216 4386 363 4475 ἐωρακως
391 4390 438 4470 εἴη
461 4394 492 4447 et
515 4404 545 4466 p
565 4402 626 4466 229
649 4390 725 4468 §47
749 4385 819 4469 (34)
841 4386 899 4475 τῆς
922 4390 959 4456 ἐν
979 4403 1046 4466 τοῖς
1067 4386 1178 4466 πότοις
1195 4385 1450 4475 ἐπιδεξιότητος.

229 4497 394 4559 Postremo
417 4497 524 4559 locum
549 4517 777 4572 commemnrn,
800 4519 897 4581 quem
921 4519 961 4561 ex
983 4500 1127 4562 oratione
1155 4497 1287 4561 Deliaca
1319 4499 1384 4560 iam
1407 4498 1447 4561 ab

130 4607 266 4688 antiquis
289 4608 330 4669 ab
356 4604 517 4670 Aeschine
543 4604 721 4670 abiudicata
747 4604 912 4671 laudatum
944 4628 1014 4672 esse
1047 4629 1067 4672 a
1094 4608 1239 4672 Choricio
1274 4595 1442 4672 Boissona-

126 4716 198 4780 dius
221 4727 305 4781 recte
328 4714 500 4783 admonuit.
550 4713 613 4780 Sed
641 4716 693 4780 illa
722 4720 823 4781 oratio
855 4740 896 4782 ne
918 4740 938 4782 a
961 4719 1106 4784 Choricio
1135 4717 1265 4803 quidem
1296 4717 1447 4784 Aeschini
1535 4701 1540 4712 ’

237 4936 256 5002 ¹)
273 4938 306 4987 cf.
325 4939 398 4989 Phot.
416 4939 476 4989 bibl.
494 4954 516 4987 a.
536 4940 552 4988 6
569 4954 605 5004 sq.
625 4932 671 4989 διδ
690 4935 750 4999 τούς
766 4940 817 5007 μὲν
835 4936 932 5010 λόγους
949 4938 1032 4993 αὐτοῦ
1049 4958 1120 4998 τινες
1139 4944 1260 5007 Χαριτας
1284 4935 1448 5008 ω’νόμασαν.
