3542 5634
677 531 889 608 ..ai-

121 738 242 794 certum
265 747 302 794 ac
319 729 525 815 singularem,
553 741 588 794 ut
610 733 691 794 hanc
716 730 856 794 fabulam
879 731 1039 815 sophistae
1062 731 1223 816 cognitam
1247 727 1340 793 fuisse
1364 726 1437 792 satis

120 850 280 925 appareat.
324 840 435 924 ltaque
464 842 561 904 etiam
589 839 753 904 Aiacem
783 862 803 904 a
832 841 978 904 Choricio
1006 841 1121 935 lectam
1151 863 1221 905 esse
1249 837 1438 904 concludere

119 951 233 1028 licebit,
256 952 438 1034 praesertim
462 970 535 1013 cum
558 951 637 1014 haec
671 952 814 1014 omnium
837 952 1015 1015 fabularum
1043 952 1293 1035 Sophoclearum
1322 951 1439 1014 lectita-

119 1063 239 1125 tissima
261 1062 362 1125 luerit.
399 1061 551 1145 Reliquas
576 1062 697 1125 fabulas
720 1063 812 1126 huius
827 1072 942 1145 poetae
964 1083 1042 1126 num
1059 1063 1221 1127 Choricius
1244 1062 1437 1146 cognoverit,

117 1169 231 1234 indicia
258 1192 323 1234 non
345 1172 419 1234 satis
441 1171 532 1234 firma
555 1181 691 1235 exstant.

221 1299 401 1376 Euripidis
422 1319 523 1361 unum
538 1299 750 1382 fragmentum
766 1298 851 1383 apud
867 1300 1048 1363 Choricium
1070 1300 1213 1384 legimus,
1237 1296 1323 1382 quod
1345 1297 1426 1362 alicu

16 1460 17 1469 ,
118 1409 151 1471 bi
173 1390 236 1472 non
254 1410 443 1472 inueniatur:
467 1419 514 1472 est
537 1409 634 1486 locus,
659 1431 754 1493 quem
772 1410 861 1473 attuli
876 1412 1024 1494 primum.
1069 1408 1133 1473 Sed
1156 1429 1314 1494 quaenam
1334 1407 1440 1470 fabula

16 1506 17 1537 ³
119 1498 219 1596 fuerit,
236 1541 254 1581 e
271 1539 335 1602 qua
350 1519 437 1583 illum
461 1519 567 1583 locum
594 1522 738 1604 sumpsit,
764 1541 829 1583 non
855 1498 968 1586 elucet.
1012 1521 1070 1583 Est
1092 1522 1176 1583 eninr
1193 1520 1280 1582 locus
1302 1518 1381 1594 talis,
1400 1526 1439 1588 ¹ut

119 1650 194 1692 eum
217 1651 257 1693 ex
281 1629 485 1715 gnomologia
506 1632 640 1713 petitum
662 1651 733 1694 esse
756 1631 798 1694 nil
820 1632 873 1706 sit,
897 1652 952 1694 cur
979 1651 1141 1715 negemus.

220 1763 461 1849 Euripidearum
489 1764 667 1829 fabularum
698 1786 781 1849 quae
810 1767 916 1830 adhuc
947 1776 1074 1830 exstant
1103 1766 1243 1848 sophista
1273 1773 1357 1827 certe
1380 1764 1436 1825 has

119 1880 284 1960 cognouit:
589 1963 591 1967 y

220 2011 241 2074 Ι.
265 2011 549 2096 Hippolytum,
573 2033 669 2096 quem
692 2031 756 2075 non
781 2012 880 2075 semel
908 2014 940 2075 in
970 2009 1180 2095 descriptione
1202 2011 1375 2094 imaginum
1398 2005 1440 2071 ad

117 2118 282 2184 Phaedrae
306 2120 446 2209 fabulam
473 2124 698 2205 pertinentium
729 2123 778 2207 (B.
813 2122 871 2203 156
900 2120 944 2199 ff.)
968 2124 999 2185 in
1030 2141 1123 2185 suum
1153 2141 1246 2185 usum
1276 2120 1439 2183 convertit.

117 2231 286 2295 Praeterea
307 2232 403 2296 etiam
425 2233 456 2295 in
479 2233 608 2318 singulis
630 2234 712 2297 hanc
737 2231 877 2296 tabulam
907 2235 1058 2318 respexit3

219 2359 253 2425 ll.
279 2357 620 2436 Andromacham,
657 2362 745 2423 cuius
767 2381 868 2423 unum
892 2360 997 2424 locum
1025 2361 1141 2436 citavit,
1165 2356 1245 2421 duos
1268 2359 1440 2442 expressit;

218 2470 268 2565 Ill.
291 2467 486 2546 Medeam,
511 2471 598 2533 cuius
621 2471 720 2534 semel
750 2473 947 2534 mentionem
970 2471 1042 2534 lacit
1065 2469 1117 2555 (G.
1142 2486 1202 2548 243
1226 2467 1326 2545 XVlI,
1350 2480 1384 2543 2)
1408 2477 1440 2530 et

117 2600 218 2643 unum
241 2579 350 2643 locum
373 2578 534 2662 adhibuit3

220 2708 274 2772 IV.
297 2709 501 2785 Orestem,
526 2710 613 2773 cuius
635 2729 735 2773 unum
759 2709 865 2773 locum
888 2711 971 2788 citat,
994 2730 1095 2772 unum
1117 2718 1266 2792 usurpat;

220 2818 259 2883 V.
283 2818 539 2897 Phoenissas,
562 2842 580 2882 e
603 2821 717 2904 quibus
739 2841 839 2883 unum
862 2821 970 2913 locum
994 2821 1083 2901 citat;

222 2928 273 2992 Vl.
298 2928 505 3007 Alcestin,
529 2932 616 2994 cuius
639 2951 739 2994 unum
763 2930 869 2994 locum
893 2933 1046 3012 imitatur;

221 3039 260 3106 V.
285 3040 501 3118 Hecubam,
515 3043 603 3104 cuius
620 3062 718 3104 unum
735 3041 841 3105 locum
859 3044 999 3118 citatum,
1015 3061 1116 3104 unum
1132 3060 1316 3123 expressum
1332 3037 1442 3119 attuli3

224 3150 274 3215 Vl.
299 3149 515 3227 Troades,
562 3173 698 3235 quarum
740 3173 841 3215 unum
884 3152 991 3215 locum
1029 3152 1219 3214 imitatione·
1247 3149 1438 3232 expressisse

119 3256 253 3324 videtur.

218 3388 268 3451 Ex
284 3389 511 3455 Heraclidis
526 3402 557 3454 et
573 3392 750 3457 Hercule
765 3392 935 3457 Furente
951 3391 1090 3475 singulos
1103 3389 1189 3453 locos
1202 3387 1317 3451 similes
1329 3387 1438 3451 Villoi-

117 3498 224 3562 sonius
254 3500 365 3563 attulit.
412 3499 475 3566 Sed
497 3502 677 3566 Choricium
708 3506 765 3567 has
796 3503 919 3567 fabulas
942 3501 1130 3587 cognovisse
1153 3499 1195 3562 illi
1217 3496 1345 3582 quidem
1369 3518 1435 3561 non

117 3605 347 3673 demonstrant.
391 3609 503 3697 Neque
525 3616 610 3677 enirn
633 3612 803 3678 similitudo
824 3624 914 3678 tanta
936 3623 993 3690 est,
1017 3620 1136 3695 quanta
1157 3611 1189 3672 in
1218 3619 1326 3672 nostra
1341 3629 1438 3692 quae-

118 3720 220 3782 stione
242 3723 380 3804 poscitur
401 3733 443 3799 et,
466 3722 671 3807 quodetiam
695 3723 781 3810 apud
803 3727 979 3790 Stobaeum
1003 3724 1159 3807 leguntur,
1184 3721 1324 3803 sophista
1347 3719 1436 3783 facile

117 3849 159 3892 ex
181 3832 365 3917 anthologia
387 3832 527 3917 quadam
549 3856 604 3898 eos
628 3840 799 3920 sumpsisse
823 3816 937 3920 potest.
1000 3827 1002 3831 ’

216 3967 408 4033 Fabulamm
431 3967 664 4055 deperditarum
687 3973 774 4037 locos
803 3975 866 4037 iam
890 3974 946 4036 viri
977 3969 1060 4034 docti
1080 3969 1264 4034 attulerunt.
1308 3967 1371 4033 Sed
1394 3969 1436 4033 nil

14 4054 16 4135 ἶ
117 4078 225 4141 valent
265 4078 306 4144 ad
345 4090 485 4145 nostram
524 4085 762 4167 quaestionem:
811 4104 923 4147 omnes
963 4084 1049 4146 enim
1091 4084 1187 4146 etiam
1225 4081 1256 4143 in
1293 4082 1433 4144 Stobaeo

14 4930 23 4977 l

116 4188 274 4271 leguntur.

215 4328 556 4405 Aristophanearum
579 4329 759 4395 fabularum
783 4332 946 4395 Choricius
971 4332 1138 4415 cognouit:

214 4453 236 4518 Ι.
260 4454 736 4540 Thesmophoriazusas,
760 4481 896 4545 quarum
923 4480 1023 4524 unum
1054 4457 1160 4521 locum
1183 4459 1277 4539 citat;

213 4563 249 4629 Π.
271 4565 417 4650 Ranas‚
439 4589 457 4629 e
479 4570 593 4650 quibus
620 4592 721 4634 unum
748 4571 854 4635 locum
883 4573 972 4647 citat,
1003 4590 1103 4632 unum
1132 4567 1317 4650 exemplum
1348 4586 1433 4629 com·

113 4702 281 4768 memorat,
304 4713 402 4756 unam
425 4695 638 4763 elocutionem
661 4704 821 4784 imitatur;

212 4828 260 4891 lll.
290 4826 442 4909 Nubes,
469 4856 603 4919 quarum
632 4858 733 4901 unum
758 4837 868 4901 locum
903 4838 1055 4911 imitatur,
1087 4855 1185 4898 unam
1219 4830 1437 4895 elocutionem

113 4939 246 5004 fortasse
269 4962 361 5006 suam
384 4943 472 5028 lecit;
