3542 5634
870 462 1082 520 ..12-

323 642 448 708 videtur
471 653 540 708 e'sse
562 644 713 708 attributa
734 664 839 729 neque
862 646 952 709 illum
976 646 1083 710 locum
1110 645 1325 710 Aeschineam
1353 642 1522 712 dictionem
1550 647 1654 728 redo-'
1756 660 1757 670 ¹

324 756 389 820 lere
412 754 559 821 contendi
582 746 696 840 potest.
710 756 737 832 1)
781 757 888 821 Locus
912 758 1118 821 Choricianus
1140 759 1190 822 hic
1214 768 1275 821 est:

423 869 460 933 Β.
480 869 551 946 106,
571 882 586 950 5
603 889 672 952 sqq.
694 865 814 952 ’Λόγος
836 867 951 954 οἷμέλει
973 896 1018 948 τις
1040 865 1188 949 Ἀττικός,
1211 875 1243 935 εἰ
1262 870 1298 936 δὲ
1319 868 1491 954 βοόλεσθε,
1515 870 1641 961 Δήλιος,

302 994 416 1048 ποιεί
437 986 498 1064 μὲν
518 978 583 1072 γδρ
606 979 708 1051 αὐτόν
739 975 826 1072 οἷνήρ
854 977 1041 1069 Ἀθηναῖος,
1075 960 1167 1047 ποιεί
1194 980 1231 1047 δέ
1258 981 1373 1061 λαβών
1398 983 1434 1049 έκ
1460 982 1565 1072 Δήλου
1585 985 1642 1072 την

323 1088 529 1178 α’φορμηνδῖ
559 1086 649 1161 δὀῧν
676 1090 793 1173 ἐκεῖνός
819 1112 896 1182 φησι
923 1088 1034 1160 ταῦτα’
1061 1092 1156 1161 ἐστιν·
1190 1091 1329 1181 »ἑορτήν
1359 1086 1472 1181 ἧγενό
1503 1095 1641 1187 δῆμοςό

251 1227 254 1235 ·
319 1200 509 1287 ΙἈθηναίων
530 1203 568 1271 έν
588 1202 694 1295 Δήλῳ·
717 1201 779 1297 ότφ
793 1205 831 1271 δὲ
852 1196 911 1290 οἶγε
932 1203 992 1291 την
1006 1201 1127 1293 ἑορτήν,
1149 1208 1216 1270 ἴστε
1236 1198 1296 1290 την
1317 1203 1421 1289 Δῆλον
1435 1200 1640 1286 οἷκοόσαντες.

319 1310 432 1383 Ἄλλοι
453 1341 488 1381 τε
510 1309 569 1384 οὖν
584 1313 778 1401 οἷλλαχόθεν
792 1312 950 1413 συνῄεσαν
965 1327 1106 1402 ποιηταί,
1128 1318 1194 1380 εἴτε
1213 1325 1413 1404 γεραίροντες
1434 1312 1491 1399 την
1505 1317 1640 1405 πανήγυ-

323 1454 390 1518 ριν,
414 1431 479 1494 εἴτε
500 1428 559 1507 τοὶς
581 1423 691 1496 αότοῖν
720 1423 961 1511 ἐπιδειξόμενοι
988 1436 1116 1510 τέχνας,
1146 1429 1210 1491 εἴτε
1239 1435 1294 1490 καῖ
1324 1421 1498 1512 α’μφότερα
1525 1427 1640 1495 ταῦτα·
1733 1508 1737 1515 ¹

239 1554 242 1561 '
323 1539 360 1607 ἕν
380 1539 417 1605 δὲ
437 1554 504 1618 τοῖς
524 1536 729 1626 καῖ”Ομηρος
754 1530 805 1623 η’ν.
862 1544 926 1603 Καὶ
948 1534 1008 1620 οὐχ
1037 1532 1088 1602 ότι
1115 1536 1234 1615 ἐκεῖνος
1263 1530 1378 1623 ἄριστα
1409 1531 1497 1638 ᾖδεν,
1527 1540 1641 1621 ἐσίγων

321 1656 382 1730 μὲν
396 1656 434 1716 ὀλ
455 1653 573 1733 λοιποί,
595 1646 712 1738 ἤκουον
734 1650 771 1715 δέ
791 1646 894 1731 μόνον
906 1643 1051 1733 Ὅμηρον,
1073 1638 1154 1745 ᾖδον
1174 1647 1211 1713 δὲ
1232 1644 1388 1731 δι’παντες,
1412 1646 1499 1728 ὅπως
1516 1648 1638 1740 ἑκάστῳ
1663 1726 1666 1731 χ

323 1772 481 1851 παρεῖχον
502 1765 538 1826 at
562 1762 728 1827 Μοῦσαι.“

943 1864 1018 1954 §4-

620 2008 673 2068 De
696 2006 861 2069 Choricio
884 2007 1134 2069 Demosthenis
1158 2009 1343 2071 imitatore.
1449 2052 1452 2057 -

837 2162 864 2208 a.
890 2140 935 2206 de
965 2164 1129 2206 corona.

423 2278 459 2343 Β.
477 2294 525 2358 33,
552 2296 629 2362 lsq.
664 2276 841 2356 ’Λττικδς
863 2287 924 2364 μὲν
946 2271 1004 2349 οὖν
1025 2279 1153 2370 ῥήτωρ
1175 2293 1258 2366 μέγα
1280 2283 1443 2371 φρονείτω,
1470 2277 1521 2348 ότι
1553 2283 1639 2373 νόμῳ

322 2389 382 2468 τοῖς
402 2393 598 2479 λειτουργίας
620 2391 700 2480 πρδς
720 2391 781 2480 την
802 2391 939 2460 ἑκάστου
967 2389 1126 2480 μετρήσας
1149 2391 1263 2461 οὐσίαν
1285 2393 1391 2459 πολλοὶ
1414 2400 1479 2462 τοῖν
1495 2393 1654 2483 εὐπόρων·

323 2500 413 2592 αὐτῷ
435 2501 550 2570 δοόσειν
572 2500 802 2588 ὑποσχομένων
815 2503 859 2590 μη
882 2512 1011 2571 τιθέντι
1031 2503 1088 2572 τδν
1115 2502 1215 2588 νόμον
1236 2503 1339 2572 όπίσω
1361 2510 1420 2572 τοῦ
1441 2507 1567 2578 δικαίου
1583 2506 1641 2584 τοὶς

323 2613 454 2680 ἐκείνων
476 2613 573 2679 ἔθετο
596 2612 725 2701 δωρεάς.
763 2613 856 2715 Dein.
879 2610 919 2676 de
942 2633 1004 2677 cor.
1028 2636 1060 2696 p.
1077 2613 1148 2691 260,
1173 2615 1299 2677 21-26
1322 2612 1385 2693 (ed.
1408 2613 1528 2689 Dind.).
1553 2615 1640 2683 πόσα

322 2722 475 2812 χρήματα
498 2723 569 2801 τοδς
591 2721 751 2810 ἡγεμόνας
783 2729 849 2793 τῶν
878 2730 1062 2813 συμμοριῶν
1095 2722 1116 2811 ἢ
1142 2726 1215 2804 τοδς
1245 2728 1408 2818 δευτέρους
1439 2739 1493 2794 καὶ
1521 2742 1642 2817 τρίτους
1735 2788 1737 2795 .

323 2838 437 2900 οἴεσθέ
455 2862 511 2919 μοι
534 2833 675 2916 διδόναι,
705 2831 786 2902 δι’στε
808 2833 952 2920 μάλιστα
975 2841 1036 2919 μὲν
1063 2836 1106 2922 μη
1127 2844 1241 2904 θεῖναι
1263 2837 1320 2906 τόν
1342 2837 1441 2923 νόμον
1463 2844 1585 2921 τοῦτον,
1613 2845 1643 2904 εἰ
1671 2859 1674 2865 ·

323 2945 359 3009 δὲ
379 2942 435 3029 μή,
460 2945 694 3023 καταβαλόντα
724 2948 786 3015 έοῖν
813 2948 850 3013 ἐν
872 2944 1058 3037 δπωμοσίηι;
1088 2945 1242 3021 τοσαῦτα,
1266 2931 1294 3007 (δ
1315 2947 1429 3037 δι’νδρες
1461 2947 1641 3035 Ἀθηναῖοι,

322 3050 382 3120 όσα
405 3051 575 3143 ὀκνήσαιμ’
592 3054 641 3133 4δδν
663 3056 725 3140 έγοδ
748 3056 828 3147 πρδς
849 3055 936 3141 δμοῖς
958 3063 1071 3125 εἰπεῖν.

423 3164 499 3228 Loci
522 3186 562 3229 ex
584 3188 629 3230 or.
653 3165 778 3231 decor.
802 3164 980 3230 adumbrati
1000 3167 1032 3230 hi
1055 3176 1144 3231 sunt:

423 3277 457 3340 B.
482 3278 530 3358 56,
559 3296 595 3360 93
624 3288 689 3341 not.
715 3294 743 3360 7.
771 3281 854 3364 μηδὲ
882 3284 948 3347 τῶν
975 3277 1105 3364 φύντων
1142 3279 1325 3368 μνημόνευε
1359 3294 1574 3370 παρατρέχων
1605 3281 1642 3349 τδ

323 3402 460 3480 σπέρμα.
487 3416 529 3442 =
559 3387 599 3452 de
629 3409 691 3455 cor.
726 3391 802 3489 ²8⁰)
827 3391 867 3452 28
900 3388 917 3455 ό
943 3391 1006 3477 ’γοέρ
1035 3390 1071 3457 τδ
1094 3402 1223 3480 σπέρμα
1247 3391 1437 3480 παρασχιόν,
1464 3385 1554 3470 οὗτος
1576 3400 1645 3461 τῶν
1754 3385 1755 3389 ¹

323 3500 452 3587 φόντων
484 3507 594 3570 κακῶν
636 3505 747 3578 αἴτιος.
784 3498 885 3588 Abest
918 3505 1071 3570 κακεῖνο
1106 3521 1179 3564 mss.
1211 3500 1247 3577 ‚b,
1266 3511 1300 3567 Y.
1332 3510 1367 3568 0,
1401 3511 1457 3565 tuv
1496 3501 1573 3586 (βη)
1605 3519 1642 3563 m.

424 3612 458 3674 B.
482 3614 552 3693 238,
589 3631 677 3696 4sq.
722 3611 884 3675 Peroratio
914 3610 1049 3674 Choricii
1077 3615 1209 3696 μελέτης
1239 3612 1473 3681 παιδοκτόνου;
1507 3621 1579 3690 Τοῖς
1607 3615 1645 3681 δὲ

322 3732 412 3806 θεοῖς
434 3711 709 3802 καταβαίνων
730 3721 752 3813 η’
759 3726 801 3807 δη
825 3719 1105 3811 προσεύχομαι
1127 3720 1359 3811 εότυχεστέραν
1380 3730 1442 3807 μὲν
1464 3727 1519 3809 τῆς
1541 3721 1641 3789 οἷπελ·

322 3833 444 3921 θοόσης
466 3837 556 3904 εἷναί
573 3864 628 3920 μοι
650 3833 748 3924 γονην
769 3835 1001 3915 ἐπινεῦσαι,
1024 3833 1066 3898 τοὶ
1091 3834 1118 3898 δ’
1143 3831 1229 3899 ἄλλοι
1253 3831 1504 3927 τοιαύτηνμκαῐ
1525 3833 1642 3922 τύραν-

323 3973 379 4014 νον
408 3944 588 4030 μάλιστα
614 3953 675 4032 μὲν
702 3952 744 4024 είς
774 3943 949 4029 εὐκοσμίαν
983 3955 1038 4010 καὶ
1076 3942 1279 4033 σωφροσύνην
1309 3959 1518 4028 μετενεγκεῖν·
1543 3951 1577 4010 εἰ
1597 3946 1644 4012 δὲ

322 4054 499 4134 οἷνιοὶτως
521 4058 626 4142 ἔχει,
650 4056 731 4147 πρός
753 4054 812 4134 τοὶς
833 4060 900 4123 τῶν
921 4052 1075 4144 ὑπηκόων
1097 4062 1285 4142 παρθένους
1307 4055 1366 4141 την
1383 4057 1504 4124 ἐκείνου
1519 4069 1644 4147 τρέψαι

321 4181 456 4252 μανίαν.
501 4166 619 4230 Totam
641 4169 723 4235 hanc
745 4167 981 4251 perorationem
1003 4163 1209 4229 adumbrasse
1227 4162 1351 4228 videtur
1372 4163 1413 4228 ad
1435 4167 1644 4229 imitationem

322 4277 417 4342 Dem.
441 4298 486 4341 or.
510 4277 632 4342 decor.
665 4299 693 4363 p.
718 4295 795 4359 332:
819 4276 884 4363 Μη»
902 4279 980 4362 δῆτ’,
1004 4268 1032 4343 οῗ
1053 4275 1176 4354 πάντες
1191 4287 1275 4359 θερί,
1302 4279 1412 4364 μηδεῐς
1427 4283 1527 4346 ταῦθ’
1550 4276 1645 4362 ὑμῶν

322 4390 600 4473 ἒπινέόσειεν,
639 4388 725 4456 α’λλοέ
762 4388 948 4475 μάλιστα
977 4394 1038 4472 μέν
1068 4398 1123 4455 καὶ
1149 4388 1272 4466 τούτοις
1306 4392 1422 4468 βελτίω
1455 4388 1529 4456 τινα
1564 4394 1644 4456 νοῦν

322 4513 378 4569 καὶ
407 4514 524 4590 φρένας
542 4503 699 4586 ἐνθείητε.
723 4507 761 4566 εἰ
780 4497 842 4567 δ’δῖ
848 4507 874 4590 ρ’
890 4501 1053 4585 ἔχουσιν
1076 4497 1099 4566 οἷ
1106 4498 1176 4569 νιοῖ
1183 4526 1272 4582 τως,
1295 4496 1424 4575 τοότους
1439 4506 1499 4583 μὲν
1525 4497 1646 4578 αὕτοδς

323 4619 403 4681 καθ’
427 4612 560 4689 ἱαυτοδς
582 4610 709 4690 δξοόλεις
731 4622 787 4678 καὶ
809 4610 964 4700 προιόλεις
986 4612 1023 4679 ἐν
1044 4616 1085 4709 γῇ
1113 4622 1168 4678 καὶ
1201 4607 1354 4702 θαλάττη
1382 4609 1539 4698 ποιήσατε
1575 4613 1644 4676 κτλ.

324 4724 493 4787 Praeterea
530 4722 693 4803 Choricius
731 4723 874 4785 meminit
911 4721 1082 4787 verborum
1120 4720 1226 4785 Aiacis
1262 4720 1430 4803 Sophoclei
1466 4717 1508 4783 ad
1543 4719 1645 4783 filium

322 4843 625 4856 —wv--——·——·

425 4891 445 4959 ¹)
463 4890 495 4944 ci.
514 4892 541 4943 B.
563 4892 619 4954 106,
639 4899 691 4946 not.
708 4906 735 4956 4.
