3542 5634
774 1509 949 1623 ‚Pars
985 1509 1173 1647 prior.

942 1743 1016 1832 §a

550 1931 553 1938 .
608 1864 610 1869 ⁵
660 1886 714 1946 De
738 1886 902 1947 Choricio
926 1886 1093 1947 Isocratis
1117 1884 1303 1975 imitatore.

422 2022 580 2085 Isocrateo
595 2042 790 2106 quamquam
806 2043 871 2085 non
888 2022 988 2085 multa
1004 2019 1093 2115 apud
1105 2014 1286 2083 Chodcium
1303 2016 1513 2090 inveniuntur,
1530 2022 1652 2114 tamen·

321 2154 464 2217 eaquae
487 2143 613 2197 exstant
633 2133 707 2197 talia
723 2142 804 2213 sunt,
828 2143 861 2196 ut
884 2141 1041 2217 quantum
1064 2132 1152 2194 illum
1169 2139 1329 2193 oratorem
1345 2125 1528 2210 cognoverit
1551 2132 1637 2186 cedo

323 2254 460 2308 statuere
482 2246 647 2329 possimua

744 2422 769 2470 1.
793 2427 844 2469 or.
868 2404 1209 2488 adDemonicum.

422 2541 459 2603 B·
485 2556 532 2622 17,
558 2541 635 2621 11.¹)
656 2552 711 2609 καὶ
733 2540 841 2631 μάτην
863 2541 940 2628 δμῑν
962 2541 982 2610 ὅ
1007 2538 1226 2632 Θεοδώρου
1253 2554 1339 2629 ηησί·
1368 2537 1464 2626 ,μήτ’
1493 2533 1637 2619 εὐτυχῶν

322 2653 376 2719 ἔσο
393 2643 578 2744 περιχαρήξ,
601 2641 679 2742 μήτε
701 2650 854 2745 πράττων
877 2658 993 2744 ἑτέρως
1017 2650 1209 2744 περίλυπος“
1232 2653 1320 2727 Sunt,
1341 2660 1377 2714 ut
1392 2651 1455 2711 iam
1470 2641 1637 2710 Boissona·

323 2761 391 2825 dius
409 2761 572 2826 adnotavit
593 2763 671 2848 (not.
696 2764 736 2848 5),
760 2765 839 2827 haec
863 2766 964 2849 verba
978 2764 1122 2827 Isocratis
1145 2784 1186 2827 ex
1209 2785 1253 2829 or.
1286 2759 1327 2826 ad
1348 2753 1442 2825 Dem.
1465 2779 1536 2842 pag.
1564 2773 1596 2817 11
1616 2755 1637 2816 b

322 2869 425 2959 §42:
459 2872 542 2944 odeo
574 2871 638 2961 γάρ
672 2871 737 2944 οὔτ’
772 2873 916 2960 εὐτυχῶν
951 2875 1015 2942 ἔσει
1046 2871 1223 2965 περιχαρής
1252 2871 1326 2943 οὔτε
1356 2870 1521 2955 δυστυχῶν
1553 2878 1638 2955 περί·

323 2989 432 3064 λυπος.

424 3122 459 3187 G.
491 3123 540 3201 81,
575 3120 657 3199 XIII,
693 3140 721 3203 3.
760 3132 838 3189 nott.
867 3139 998 3202 12-14.
1052 3114 1154 3202 Οὗτος
1174 3121 1203 3189 ’ὅ
1236 3121 1328 3204 λόχος
1367 3117 1551 3202 ἀγνοοῦντα
1581 3108 1638 3181 adv

324 3236 470 3317 Θηβαῖον
492 3234 613 3319 ἒλέχχει
635 3234 692 3321 την
713 3235 814 3324 πρδς
835 3234 881 3300 ed
910 3234 943 3300 Ἴ
947 3248 1078 3302 ππονί
1083 3262 1155 3303 κου
1184 3233 1349 3325 μειράκιον
1378 3223 1571 3314 συμβουλήν,
1595 3222 1638 3302 ὦς

323 3342 544 3434 οἷπειρόκαλον
574 3344 666 3436 παρολ
693 3342 736 3411 τά
758 3349 871 3427 χελοῖα
901 3346 1108 3424 σπουδάζειν.
1152 3345 1246 3440 Isoer.
1274 3342 1438 3407 ad'Dem.
1462 3343 1511 3403 8e
1533 3334 1557 3424 ξ
1580 3352 1637 3416 31:

321 3458 403 3544 μηδὲ
425 3457 518 3547 παρα
540 3454 582 3524 τοὶ
598 3462 707 3541 χελοῑα
731 3438 927 3536 σπουδάζων
956 3458 1036 3544 μηδὲ
1058 3458 1150 3548 παροὶ
1173 3458 1215 3524 τά
1232 3456 1481 3531 σπουδαῖοιτοῖς
1502 3451 1638 3532 γελοίοις

322 3580 445 3659 χαίρων
468 3569 517 3650 (vd
540 3570 603 3661 χοὲρ
626 3566 762 3661 δκᾳιρον
788 3575 962 3655 πανταχοῦ
983 3568 1142 3660 λυπηρόν)
1165 3572 1230 3636 κτλ.

423 3704 460 3769 G.
485 3721 556 3785 231,
579 3704 634 3787 XI,
663 3723 688 3768 1.
712 3716 776 3769 not.
806 3723 830 3768 Ι.
879 3704 975 3791 Τάχα
990 3718 1110 3789 τοίνυν,
1129 3706 1243 3793 ἐπειδη
1266 3703 1389 3790 μνήμην
1411 3695 1639 3792 οἷρτίως-Ἰσο-

322 3812 503 3900 κράτους
517 3816 731 3905 ἐποιησάμην,
744 3824 789 3897 είς
803 3817 932 3886 ἔννοιαν
946 3822 1025 3906 παρ’
1040 3817 1119 3902 ἐμοῦ
1134 3816 1250 3884 τοῦτον
1264 3816 1377 3896 λαβῶν
1395 3815 1520 3898 ἐκείνην
1536 3803 1640 3876 ademi

321 3926 382 4012 τ’ἠν
404 3940 593 4017 παραίνεσιν
614 3933 659 4007 εἰς
681 3930 813 4013 ἔλεγχον
835 3933 930 4006 οἴσεις
953 3933 1018 3996 τῶν
1037 3939 1159 4011 μίμων,
1184 3924 1208 3992 δι’
1230 3943 1334 3996 ποιεῖν
1361 3921 1503 4014 αἰσχρόν,
1530 3917 1638 3987 ταῦτα

323 4033 437 4120 νόμιζε
457 4038 540 4125 μηδὲ
568 4042 672 4121 λέχειν
694 4040 781 4106 εἶναι
803 4038 913 4105 καλόν.
962 4037 1056 4103 Isocr.
1087 4034 1128 4100 ad
1151 4039 1244 4101 Dem.
1272 4053 1317 4119 sa
1338 4034 1432 4124 §152
1468 4032 1509 4100 “A
1531 4041 1639 4102 ποιεῖν

158 4169 161 4177 ·
227 4240 231 4247 Ι
323 4146 460 4238 αἰσχρόν,
484 4153 591 4217 ταῦτα
613 4148 723 4235 νόμιζε
743 4152 825 4235 μηδὲ
847 4154 953 4234 λέγειν
974 4150 1058 4218 εἶναι
1080 4147 1190 4220 καλόν.

424 4288 458 4349 B.
488 4303 554 4369 179,
589 4304 600 4348 1
627 4307 671 4369 sq.
726 4284 809 4351 Num
837 4286 999 4383 Choricius
1026 4290 1057 4350 in
1083 4289 1205 4351 verbis:
1239 4303 1461 4381 προορέχει
1492 4317 1548 4375 μοι
1570 4287 1640 4355 τοῦ

322 4395 448 4482 λόγου
470 4400 506 4465 ad
529 4396 671 4485 δάκρυον
694 4447 702 4464 .
727 4449 733 4462 .
757 4446 764 4464 .
790 4452 795 4465 .
819 4410 875 4466 καὶ
896 4398 917 4487 ἦ
940 4396 1028 4489 φωνη
1044 4402 1206 4470 ἐπιλείπει
1225 4412 1280 4468 καὶ
1303 4401 1323 4490 ἦ
1345 4403 1505 4485 γλῶττα
1529 4403 1638 4485 ἐπίχε-

424 4585 445 4651 1)
463 4587 484 4634 Β
501 4603 536 4631 --
553 4585 662 4635 elatea
685 4587 778 4638 cazat
802 4595 874 4638 orae.
891 4588 964 4637 aea.
986 4588 1057 4651 frgm‚
1081 4589 1122 4644 ed.
1148 4576 1318 4649 aoissolada
1345 4590 1443 4639 pausus
1469 4588 1588 4655 18463o
1605 4607 1640 4633 =

322 4674 416 4733 Graux,
436 4672 478 4737 qui
501 4671 580 4720 edidit
603 4671 665 4722 duas
697 4671 808 4741 μελέτας
832 4674 857 4722 in
879 4673 943 4724 Rev.
967 4673 998 4722 de
1021 4673 1083 4725 Phil.
1107 4677 1224 4725 nouvelle
1246 4677 1316 4737 serie,
1345 4672 1411 4726 tome
1433 4677 1453 4723 1.
1475 4674 1541 4723 Paris
1563 4673 1638 4736 1877;

322 4759 396 4805 F:
412 4759 565 4815 Foersterus,
584 4757 626 4823 qui
645 4757 724 4807 edidit
745 4757 807 4807 duas
824 4757 935 4826 μελέτας
957 4758 982 4806 in
1000 4760 1142 4821 ‚‚Hermae“
1165 4761 1215 4812 vol.
1234 4761 1307 4809 XVII
1325 4778 1349 4825 p.
1374 4761 1423 4810 208
1447 4776 1503 4826 sqq.
1526 4760 1633 4809 Patrocli

321 4842 528 4891 declamationem
544 4841 582 4911 (B.
602 4856 652 4907 239
664 4844 713 4908 sq.)
734 4842 813 4903 omisi,
835 4843 893 4908 quia
906 4860 958 4893 non
971 4843 1086 4904 Choricii,
1107 4845 1151 4893 sed
1163 4844 1262 4894 Libanii
1275 4853 1321 4907 est¹
1345 4853 1429 4893 contra
1447 4840 1640 4895 Παιδοκιόνον

319 4928 425 4993 respexi,
444 4929 501 4993 quia
518 4928 578 4978 mihi
596 4928 699 4995 quidem
716 4936 816 4994 propter
834 4928 916 4977 stilum
928 4929 1036 4979 Choricii
1055 4930 1151 4979 videtur
1170 4944 1231 4980 esse.
