3542 5634
878 481 1088 537 ..36-

320 667 386 729 ταῑν
407 667 547 752 Περσῶν,
563 657 614 727 ότι
635 659 826 746 τυγχάνοιεν
839 660 1038 752 πράττοντες
1051 659 1212 743 Ἕλληνες.
1235 658 1351 747 ἤκουσε
1372 660 1495 744 ταύτην
1518 657 1643 738 αύτούς

319 776 422 841 τελεῖν
443 772 502 858 την
524 770 707 861 πανήγυριν
734 768 836 864 ἥνπερ
865 774 1003 841 ἐτέλουν.
1051 780 1095 838 Τί
1119 772 1155 838 δὲ
1182 777 1237 860 τῆς
1267 785 1354 858 νίκης
1376 776 1425 858 εἴη
1447 772 1483 839 τδ
1518 765 1645 854 άθλον,

322 883 425 952 πάλιν
446 882 601 951 ἐπύθετο.
645 880 696 960 Ὡς
719 883 755 950 δὲ
776 895 890 973 χρυσίῳ
913 890 975 969 μὲν
996 881 1158 967 ούδαμοῖς,
1188 896 1300 974 κοτίνῳ
1323 884 1360 950 δὲ
1381 889 1546 967 τιμᾶσθαι
1568 883 1645 960 τούς

321 1000 478 1071 νικῶντας
500 992 626 1080 α’κη’κοε,
660 992 767 1062 δεινόν
789 991 974 1078 άνοιμιόξας
1005 1005 1061 1059 καὶ
1093 991 1172 1085 πρός
1198 993 1256 1060 τδν
1284 997 1443 1073 βασιλέως
1466 994 1645 1084 σατράπην

322 1105 409 1182 ι’διόν,
443 1103 517 1187 „ov'
548 1102 677 1182 raidid‘
708 1104 779 1193 ἔφη,
809 1103 1013 1193 ,,Μαρδόνιε,
1044 1102 1175 1180 τούτους
1204 1100 1282 1191 ἡμῖν
1309 1102 1527 1196 προύξίνησας
1556 1101 1645 1172 άντι-

322 1217 458 1294 πάλους,
493 1215 540 1293 οἷς
572 1214 611 1283 ού
643 1226 717 1304 περὶ
741 1213 925 1302 χρημάτων,
960 1213 1031 1281 ἄλλ’
1066 1213 1181 1303 άρετῆς
1215 1214 1445 1298 οἷγωνίσασθαι
1467 1215 1645 1304 πάτριον.“

322 1325 465 1390 Narratio
488 1327 585 1408 petita
607 1334 655 1387 est
677 1345 718 1423 err
740 1325 815 1389 Her.
839 1323 922 1402 VIII,
947 1324 995 1391 26.
1020 1325 1058 1387 cf.
1082 1334 1147 1393 not.
1171 1343 1201 1407 9.

424 1463 459 1539 B,
481 1465 532 1541 48,
556 1479 584 1542 3.
607 1471 672 1529 not.
698 1479 725 1541 3.
758 1461 868 1530 Σόλων
889 1468 952 1548 μὲν
978 1466 1098 1531 Τέλλον
1120 1462 1296 1548 Ἀθηναῖον
1326 1463 1419 1551 παρά
1445 1471 1564 1555 Κροίσῳ
1592 1471 1647 1556 τῷ

324 1577 425 1666 Λυδῳῖ
447 1576 627 1664 μακαρίζει,
651 1570 702 1640 ότι
717 1573 827 1661 πατὴρ
846 1571 906 1660 ἤδη
921 1584 977 1640 καὶ
992 1573 1133 1651 πάππος
1149 1571 1316 1658 εὐδαίμων
1330 1574 1465 1657 χεχονιδς
1480 1575 1643 1642 ἐτελεύτα.

322 1683 442 1750 Herod.
466 1684 489 1768 Ι,
515 1700 563 1765 30.

425 1796 459 1859 B.
488 1811 554 1879 100,
581 1812 634 1876 19:
659 1803 725 1857 not.
748 1794 777 1859 6.
805 1793 873 1863 Ούκ
896 1793 940 1863 dv
962 1793 1061 1872 αύτδς
1082 1793 1159 1862 οὐδὲ
1182 1793 1201 1860 ό
1225 1796 1402 1879 Καμβύσου
1426 1802 1525 1888 Κύρος
1548 1800 1644 1884 ε’μίμ

324 1923 414 1995 ψατο
437 1908 568 1997 περιιόν,
592 1904 609 1971 ὅ
631 1924 695 1983 τοῖς
708 1901 858 1988 Ἕλλησιν
881 1905 1006 1995 οἷχοράν
1028 1904 1201 1983 όνειδίζων.
1240 1903 1359 1972 Herod.
1382 1906 1405 1983 I,
1432 1922 1499 1987 153.

424 2017 458 2080 B.
486 2033 554 2094 100,
579 2032 629 2080 21:
652 2026 718 2083 not.
741 2032 769 2097 7.
803 2016 902 2082 Μετοὲ
925 2030 1034 2085 τοίνυν
1054 2022 1110 2104 τῆς
1131 2016 1287 2102 τοσαύτης
1309 2015 1486 2108 ἁβρότητος
1508 2031 1562 2086 καὶ
1584 2021 1646 2110 τήν

323 2137 515 2212 Αἰγυπτίων
537 2131 736 2215 λυχνοκαίαν
758 2133 908 2212 νικῶμεν.
957 2138 1028 2204 Τοῖς
1050 2134 1118 2211 μὲν
1136 2125 1199 2218 γάρ
1227 2134 1271 2205 εἰς
1298 2133 1427 2216 πλῆθος
1454 2128 1640 2215 οἷκόσμητον
1701 2193 1706 2203 .

321 2240 418 2329 ἤνθει
439 2242 475 2307 τὰ
499 2245 573 2331 πύρ.
618 2235 737 2305 Herod.
758 2238 794 2316 II,
817 2239 868 2302 62.
893 2239 930 2303 cI.
958 2238 992 2303 B.
1020 2254 1089 2315 122,
1116 2255 1127 2300 1
1155 2259 1200 2322 sq.
1223 2248 1288 2305 not.
1316 2256 1342 2304 1.
1366 2239 1464 2303 Boiss,

425 2351 459 2413 B.
487 2363 554 2431 125,
582 2368 604 2431 9
632 2370 699 2433 sqq.
732 2348 904 2438 Ἀλυάττης
936 2356 1000 2436 μὲν
1030 2340 1090 2417 ούν
1120 2346 1136 2414 ό
1168 2347 1285 2426 Λυδός,
1314 2347 1330 2414 ό
1362 2360 1492 2441 Κροίσου
1521 2350 1641 2441 πατήρ,

326 2463 384 2532 τδν
404 2465 441 2531 ἐν
457 2462 593 2553 ,Μιλήτῳ
615 2467 672 2550 τῆς
685 2460 829 2545 Ἀθηνᾶς
856 2458 1024 2551 ἐμπρήσας
1047 2459 1145 2551 νεῳόν,
1177 2461 1290 2546 ἐπειδη
1321 2461 1404 2545 μετά
1426 2461 1533 2529 ταῦτα
1556 2460 1640 2552 νόσῳ

326 2573 512 2664 περιπεσών
545 2576 652 2642 αἴτιον
677 2574 758 2655 ἔγνω
784 2578 840 2659 τῆς
872 2571 966 2640 νόσου
996 2571 1032 2637 τδ
1062 2571 1189 2654 χεχονδς
1216 2576 1281 2639 κτλ.
1327 2573 1474 2655 Sequitur
1505 2574 1644 2636 narratio

324 2683 364 2748 de
393 2683 522 2768 Alyatte
554 2681 646 2768 Lydo
677 2693 805 2767 propter
837 2682 1001 2746 Minervae
1033 2681 1143 2766 templi
1166 2679 1418 2746 devastationem
1441 2693 1638 2768 aegrotante,

324 2817 406 2880 quae
429 2804 531 2858 exstat
544 2791 638 2879 'apud
659 2795 735 2860 Her.
754 2795 782 2871 I,
808 2808 856 2874 50.
901 2794 1010 2857 Verba
1033 2814 1098 2858 non
1121 2800 1194 2856 sunt
1215 2790 1337 2856 eadem.

425 2906 460 2969 Β.
485 2922 534 2984 21,
559 2919 586 2985 5.
614 2903 788 2974 Ἐντεῦθεν
810 2903 877 2996 άρα
892 2914 987 2988 τινές,
1013 2903 1206 2997 (Τραύσους,
1230 2903 1332 2988 οἶμαι,
1355 2905 1391 2971 τδ
1413 2917 1502 2987 γένος
1522 2926 1642 2992 προσα-

321 3016 501 3106 χορεύουσο
536 3029 724 3101 τικτομένου
738 3029 799 3103 μέν
814 3043 899 3094 τινος
932 3014 1133 3106 ω’λοῳύροντο
1168 3020 1370 3100 σκοποῦντες,
1394 3023 1439 3095 εἰς
1462 3013 1525 3082 όσα
1552 3008 1640 3100 ἦλθε

323 3128 421 3211 κακά,
444 3126 599 3205 άπιόντος
628 3129 664 3194 δὲ
691 3124 875 3217 πανήγυριν
896 3119 982 3212 ἦχον,
1006 3123 1088 3195 όσων
1109 3125 1332 3217 η’λευθέρωται
1362 3128 1523 3218 δυσχερῶν
1553 3128 1642 3195 ἕννο·

323 3239 463 3324 ούμενοι.
507 3239 559 3301 Ex
580 3235 744 3302 Herodoto
766 3238 806 3315 V,
830 3257 859 3317 4.
906 3237 952 3301 CI.
976 3237 1075 3301 Βοίεε.
1100 3248 1166 3301 not.

425 3350 461 3415 G.
485 3349 535 3432 67,
558 3348 609 3427 III,
632 3366 661 3431 7.
684 3358 748 3413 not.
774 3365 821 3414 10.
847 3346 942 3418 θύτω
966 3356 1046 3417 ποτὲ
1060 3361 1117 3418 καῖ
1131 3355 1275 3419 Σκυθῶν
1296 3355 1326 3415 οἱ
1348 3348 1484 3436 νομάδες
1516 3351 1639 3419 ἐπανα-

323 3460 469 3529 στάντων
484 3459 593 3539 αύτοῐς
607 3466 672 3530 τοῖν
693 3467 834 3543 οἰκετῶν,
858 3471 951 3552 μέχρι
966 3466 1028 3545 μὲν
1042 3462 1079 3529 ἕν
1093 3458 1207 3539 όπλοις
1223 3459 1240 3529 ό
1255 3459 1396 3546 πόλεμος
1411 3452 1457 3545 ἦν,
1481 3461 1644 3550 ἐρίζοντας

322 3572 418 3657 εἶχον
441 3571 478 3638 τδ
500 3568 564 3660 γάρ
586 3575 656 3640 ἴσον
677 3572 736 3639 τού
759 3571 918 3658 σχήματος
940 3573 1072 3660 ἐποίησε
1093 3569 1165 3650 τούς
1187 3569 1397 3661 θεράποντας
1411 3573 1644 3639 ἐπιλαθέσθαι

322 3689 377 3770 τῆς
399 3681 503 3768 τύχης
534 3680 759 3762 οἷναλαβόντες
792 3683 828 3749 δὲ
849 3681 1015 3768 Ιμάστιγας
1045 3682 1141 3750 τούτό
1170 3709 1257 3760 τινος
1282 3680 1492 3766 ύποθεμένου
1519 3693 1644 3767 ταχέως

322 3790 441 3870 αύτούς
462 3798 517 3880 τῆς
540 3793 685 3870 δουλείας
718 3792 904 3880 άνέμνησαν
941 3790 1098 3860 δεσπόται
1136 3806 1299 3880 (μανέντες.
1345 3793 1464 3856 Retulit
1486 3790 1642 3855 Herodoti

321 3902 375 3979 IV,
400 3920 449 3984 34.

424 4013 460 4079 G.
490 4030 562 4096 232,
592 4012 648 4093 XI,
676 4031 705 4096 7.
734 4024 798 4081 not.
827 4032 872 4078 12.
909 4014 1083 4079 Oraculum
1111 4014 1247 4100 Lycurgi
1279 4015 1388 4091 refert,
1421 4012 1508 4097 quod
1534 4024 1639 4078 exstat

321 4124 407 4209 apud
429 4123 630 4190 Herodotum
654 4125 676 4203 Ι,
699 4126 756 4206 65:

573 4240 648 4317 δίζω
670 4235 693 4325 ἦ
715 4257 749 4303 σε
771 4237 857 4306 θεδν
878 4236 1105 4322 μαντεύσομαι
1127 4234 1149 4325 ἢ
1170 4234 1362 4325 ἄνθρωπον,

574 4345 645 4415 a'tt'
669 4350 717 4416 ἔτι
739 4359 794 4414 καὶ
815 4349 942 4433 μάλλον
963 4347 1046 4415 θεδν
1068 4347 1223 4432 ἔλπομαι.

320 4559 409 4638 Loci,
433 4581 514 4644 quos
537 4562 712 4625 imitatione
735 4579 775 4624 ex
798 4556 965 4623 Herodoto
988 4561 1150 4644 expressit,
1174 4570 1259 4624 sunt:

420 4672 456 4739 B.
475 4686 523 4753 55,
542 4691 570 4753 3.
595 4683 659 4738 not.
680 4689 705 4738 1.
729 4671 921 4760 Ὀῳθαλμοῐ
942 4672 1005 4760 γάρ
1025 4667 1102 4743 όσον
1121 4671 1344 4761 πιθανώτεροι
1366 4676 1431 4740 κτλ.
1455 4671 1641 4755 „Respectu

320 4778 361 4845 ad
382 4782 536 4848 Herodoti
558 4783 665 4847 locum
688 4783 827 4847 nobilem
848 4783 871 4861 Ι,
896 4784 929 4848 8:
957 4775 1027 4849 οῗτα
1048 4768 1200 4869 τυγχάνει
1223 4781 1416 4874 οἷνθριόποις
1439 4782 1536 4851 ἐόντα
1558 4782 1639 4851 οἷπι-

320 4898 452 4988 στότερα
475 4895 694 4983 όῳθαλμοῑν.“
739 4895 838 4961 BoisS.
863 4890 1010 4957 Eandem
1033 4896 1222 4957 sententiam
1245 4895 1411 4977 exprimit:
