3542 5634
899 522 1106 580 „34..

339 731 540 816 ἀγριώτατον
573 728 768 821 ἤμερωτοὶτῳ
808 727 886 811 (scil.
924 727 1120 820 προσέοικε)’
1135 775 1265 793 .....
1301 725 1559 827 δλισθηρότατον
1595 728 1661 819 γαρ

337 839 374 907 cd
402 855 503 924 γένος.
766 912 769 927 .

404 974 407 983 ·
816 970 848 1016 u.
871 949 1113 1015 Alcibiades
1135 950 1181 1015 ll.

438 1086 472 1149 Β.
505 1104 556 1168 44,
593 1105 623 1168 9.
660 1083 752 1156 Ollrur
786 1088 957 1177 χρηστδν
988 1089 1056 1174 εἶχε
1088 1097 1144 1155 καὶ
1177 1083 1332 1156 δι’κακον
1364 1098 1422 1154 καὶ
1454 1088 1662 1179 πραγμάτων

336 1196 513 1289 ἄπειρον
533 1192 625 1287 ἦθος.
670 1197 742 1265 Alc.
766 1198 803 1262 ll.
832 1214 892 1277 140
905 1198 944 1261 D.
970 1204 1000 1265 ol
1024 1200 1060 1265 δὲ
1080 1195 1261 1287 εὐήθεις,
1284 1202 1388 1288 ἕτεροι
1410 1201 1446 1266 δὲ
1468 1196 1661 1279 α’κάκονς

336 1320 391 1376 καὶ
412 1305 611 1401 α’ττείροος
637 1320 693 1376 καὶ
720 1307 839 1387 ἕνεοδς.

436 1418 485 1484 Nil
507 1430 616 1484 tamen
639 1440 679 1484 ex
701 1421 756 1483 tali
779 1417 981 1484 similitudine
1003 1409 1174 1483 verborum
1198 1420 1280 1483 ellici
1301 1429 1415 1504 potest.

863 1627 895 1673 v.
918 1608 1133 1692 Epinomis.

433 1771 467 1833 Β.
492 1754 542 1849 21.
569 1788 615 1851 14.
638 1776 729 1861 εἴπερ
757 1768 777 1856 ἦ
808 1784 902 1856 σοςοία
933 1771 1017 1838 κατοέ
1049 1771 1106 1838 τδν
1135 1767 1314 1850 Πλάτωνος
1344 1769 1419 1861 δρον
1449 1770 1657 1856 εὐδαιμονίας

330 1882 518 1968 κεφάλαιον.
548 1879 772 1945 Boissonadius
788 1882 962 1965 sophistam
977 1882 1038 1944 hoc
1054 1881 1126 1944 loco
1141 1880 1218 1944 Plat.
1236 1881 1327 1963 Epiu.
1345 1897 1407 1964 977
1423 1881 1464 1947 D.
1479 1884 1657 1965 respexisse

330 2000 447 2069 censet,
469 1994 523 2056 ubi
538 1991 639 2056 verba
652 2002 741 2058 sunt:
764 1990 946 2082 στερόμενος
968 1994 1003 2060 δὲ
1025 1991 1171 2080 ἀληθοῦς
1194 1990 1289 2075 λόγου
1313 1992 1408 2079 σοηδς
1429 1991 1487 2062 οὐκ
1507 1989 1553 2063 ἄν
1575 2020 1655 2061 ποτε

329 2116 460 2186 γένοιτο,
483 2101 547 2195 ’ότηι
577 2105 614 2170 δὲ
642 2117 741 2184 σοφία
771 2103 814 2191 μή
846 2115 987 2191 προσείη,
1023 2104 1130 2193 ποὲσης
1156 2102 1272 2192 οἷρετῆς
1300 2103 1338 2170 τδ
1367 2117 1515 2190 μέγιστον
1543 2092 1653 2192 μέρος,

329 2214 386 2283 οδκ
409 2212 453 2283 dv
475 2214 524 2280 ἔτι
545 2217 658 2294 τελέως
683 2211 812 2296 οἷγαδδς
832 2213 1004 2298 γενόμενος
1026 2212 1192 2301 εὐδαίμων
1206 2222 1289 2283 ποτὲ
1303 2225 1439 2298 γένοιτο.
1471 2217 1655 2299 Sophistam

332 2326 417 2389 hunc
446 2345 546 2387 unum
577 2321 773 2408 Epinomidis
803 2324 911 2388 locum
939 2326 971 2387 in
1001 2335 1109 2389 mente
1138 2327 1287 2390 habuisse
1318 2347 1358 2390 ex
1389 2337 1497 2390 nostro
1524 2324 1655 2410 quidem

215 2438 222 2453 ‘
332 2436 403 2500 loco
434 2433 579 2499 concludi
612 2456 676 2499 non
705 2444 819 2519 potest.
869 2436 928 2499 Illa
962 2438 1047 2500 enim
1082 2437 1237 2500 sententia
1271 2438 1336 2501 lere
1374 2447 1478 2502 totum
1510 2438 1652 2501 Platonis

332 2548 549 2632 philosophiae
583 2548 769 2631 principium
805 2548 990 2613 continetur.
1049 2546 1182 2611 Accedit
1214 2546 1301 2632 quod
1337 2549 1425 2613 locus
1454 2547 1653 2633 Epinomidis

331 2658 512 2722 Platonicae
534 2678 599 2721 non
620 2668 743 2722 tantam
758 2659 889 2742 praebet
911 2657 1156 2736 similitudinem,
1179 2670 1214 2722 ut
1236 2659 1324 2723 illum
1347 2661 1451 2724 solum
1475 2661 1652 2744 sophistam

331 2772 506 2854 respexisse
528 2779 639 2853 putare
662 2790 823 2854 cogamur.
869 2769 1031 2833 Choricius
1054 2772 1240 2854 sapientiam
1263 2768 1465 2834 beatitudinis
1489 2790 1652 2834 summam

332 2903 401 2945 esse
433 2881 599 2946 Platonem
632 2879 790 2944 dicentem
822 2881 912 2961 lacit3
948 2880 1040 2944 Plato
1073 2891 1181 2946 autem
1214 2891 1324 2945 nostro
1356 2881 1428 2945 loco
1463 2883 1654 2965 sapientiam

332 2991 491 3057 cardinem
519 3012 589 3056 esse
616 2994 755 3069 virtutis,
793 2992 859 3055 sine
886 3010 952 3074 quo
980 3012 1077 3055 nemo
1108 3012 1250 3077 unquam
1281 3002 1314 3056 et
1343 2994 1446 3056 bonus
1475 3002 1506 3055 et
1537 2993 1654 3055 beatus

331 3104 398 3167 fieri
413 3105 519 3188 possit,
543 3104 710 3169 manifesto
733 3100 836 3167 docet.

431 3291 648 3369 Elocutiones‚
670 3311 753 3376 quae
774 3311 839 3354 non
868 3290 967 3354 semel
995 3286 1080 3373 apud
1101 3290 1266 3354 Platonem
1289 3291 1443 3374 leguntur,
1467 3290 1653 3354 invenimus

332 3402 416 3487 apud
439 3403 618 3468 Choricium
640 3404 718 3468 has:
1752 3380 1753 3387 δ

432 3514 467 3577 G.
492 3531 563 3594 232,
586 3513 641 3590 XI,
663 3532 692 3595 9.
737 3511 960 3599 α’νακαγχάζω
1020 3510 1158 3596 Euthyd.
1190 3529 1252 3593 300
1280 3515 1327 3595 D3
1357 3514 1438 3598 Rep.
1461 3514 1483 3591 1,
1518 3527 1578 3596 357
1610 3514 1655 3579 A.
1751 3520 1754 3597 l

432 3643 468 3707 G.
497 3656 568 3723 235,
598 3641 686 3719 XIII,
721 3659 748 3723 3.
774 3639 911 3726 νόμον,
936 3639 973 3709 δν
995 3642 1115 3726 ἔθηκεν
1141 3639 1160 3727 ἦ
1185 3641 1358 3731 συνήθεια.
1382 3641 1529 3705 Simililer
1558 3642 1656 3706 Plato

329 3754 428 3839 Legg.
451 3755 508 3833 841
535 3763 567 3817 et
587 3753 670 3837 Rep.
693 3753 757 3815 660
778 3750 821 3815 A.

434 3889 472 3953 G.
496 3890 567 3968 218,
590 3890 630 3967 V,
652 3907 683 3969 4.
705 3887 880 3975 μισολόγος.
904 3910 969 3953 vox
1000 3889 1164 3953 Platonica
1195 3888 1291 3973 (Rep.
1324 3888 1373 3966 ΙΠ,
1395 3907 1455 3968 411
1480 3889 1528 3969 D3
1550 3888 1655 3957 Lach.

333 4002 391 4064 188
415 4001 451 4066 C.
474 4001 520 4083 E3
543 3998 659 4069 Phaed
686 3999 727 4082 89
739 3999 791 4085 C.)

953 4096 1031 4267 §a

666 4338 719 4398 De
743 4336 907 4398 Choricio
931 4336 1100 4398 Herodoti
1124 4336 1312 4398 imitatore.

430 4472 512 4536 Citat
534 4482 641 4536 noster
661 4471 881 4539 Herodotum:

429 4583 462 4646 B.
490 4600 539 4664 30,
561 4600 644 4668 4sq.
668 4592 733 4646 not.
752 4589 780 4650 2'.
829 4583 960 4673 Ταύτην
983 4586 1045 4668 ἐγώ
1069 4586 1129 4672 την
1145 4582 1294 4653 διάλυσιν
1316 4583 1440 4661 παντδς
1461 4583 1550 4651 εἷναί
1567 4611 1652 4670 φημι

325 4706 485 4786 τροπαίου
499 4706 694 4786 τιμιωτέραν
714 4692 876 4787 Ἡροδότῳ
890 4696 1051 4787 χρώμενος
1066 4697 1208 4793 δικαστῇΙ
1232 4691 1317 4787 „dorp
1332 4696 1396 4786 γαρ
1412 4692 1543 4786 εἰρήνη(
1560 4705 1651 4783 φησὶ,

325 4817 509 4897 ,,ττραοτέρα
532 4807 687 4891 πολέμου,
710 4804 850 4899 τοσούτῳ
880 4804 1023 4893 πόλεμος
1046 4807 1105 4893 ἔην
1129 4807 1268 4885 στάσεως
1293 4803 1517 4896 ἤμερωτερος“
1540 4804 1654 4869 Locus

326 4926 375 4979 est
397 4917 473 4982 Her.
497 4915 579 4995 VIII,
605 4934 632 4996 3.
