3542 5634
878 517 1089 577 „52-

423 694 477 761 IV.
501 695 685 779 Equites,
716 716 852 779 quorum
883 697 1051 762 nonnullas
1083 718 1234 782 personas
1266 710 1512 776 commemorat,
1548 721 1660 765 unam

258 868 260 873 .
326 806 539 870 elocutionem
565 827 656 871 suam
680 809 770 890 lecit3
816 844 817 849 κ
1211 796 1216 802 ’

425 917 464 982 V.
488 915 787 996 Acharnenses,
811 940 947 1003 quorum
969 940 1070 982 unum
1093 919 1199 983 locum
1222 921 1360 984 imitatus
1383 930 1441 985 est.

424 1055 592 1119 Praeterea
614 1066 717 1120 exstat
738 1077 820 1119 unus
849 1056 950 1131 locus,
974 1056 1027 1138 qui
1058 1075 1135 1118 num
1168 1052 1209 1118 ad
1242 1055 1350 1119 Ranas
1385 1053 1569 1120 referendus
1601 1058 1660 1132 sit,

326 1166 480 1229 incertum
504 1175 560 1229 est.
1038 1152 1039 1155 Ἴ

424 1278 611 1339 Menandri
636 1276 814 1339 fabularum
841 1277 1004 1340 Choricius
1030 1276 1197 1339 nonnullas
1224 1287 1455 1340 commemorat
1479 1296 1545 1339 uno
1574 1275 1661 1339 loco

328 1386 494 1471 apologiae
518 1388 696 1450 mimorum.
743 1388 822 1450 Sunt
844 1389 918 1451 hae:
1429 1383 1432 1389 ’

425 1498 696 1581 Hypobolimaeus
718 1497 768 1560 vel
792 1497 940 1561 Rusticus
962 1497 1309 1582 (Ὑποβολιμαῑος
1332 1495 1353 1585 ἢ
1376 1497 1609 1587 hyponam·

427 1632 630 1716 Dyscolus
658 1633 890 1714 (Δύσκολος)
915 1633 966 1695 vel
988 1633 1320 1725 Ἐπιτρέποντες.

428 1770 534 1833 Etiam
563 1768 780 1860 Eriyxprorv
803 1768 1048 1859 Μενάνδρου
1078 1782 1148 1836 καὶ
1174 1769 1406 1858 Φιλήμονος
1435 1769 1658 1859 ἢΦιλιστίω-

222 1891 224 1894 “
326 1908 378 1958 νος
401 1881 499 1945 novit.

451 2008 599 2069 Pindari
620 2007 811 2090 hymnorum
829 2005 991 2070 Choricius
1015 2027 1136 2084 omnes,
1160 2009 1213 2089 qui
1236 2005 1330 2070 hodie
1354 2017 1489 2084 exstant,
1519 2004 1659 2071 videtur

325 2120 521 2201 cognovisse.
565 2116 640 2180 Duo
673 2119 848 2180 carminum
877 2115 1113 2200 deperditarum
1140 2117 1199 2180 loci
1229 2116 1376 2182 videntur
1406 2140 1470 2182 non
1504 2140 1544 2181 ex
1574 2118 1658 2182 Pin-

325 2225 402 2290 daro
424 2225 560 2312 ipso,sed
583 2248 623 2290 ex
645 2228 711 2291 aliis
734 2230 831 2312 petiti.

424 2356 466 2418 Et
494 2359 638 2419 omnium
667 2357 842 2419 carminum
871 2358 1012 2419 maxime
1042 2355 1233 2420 Nemeum
1268 2368 1462 2439 quartum
1489 2357 1660 2421 lectitasse

326 2465 459 2545 videtur,
482 2487 586 2549 equo
609 2464 689 2530 duos
712 2469 850 2530 imitatus
873 2477 920 2530 est
944 2468 1040 2544 locos,
1063 2465 1141 2531 duas
1165 2468 1359 2532 elocutiones
1383 2489 1456 2532 suas
1480 2468 1558 2531 lecit.

424 2577 610 2661 Pythiorurn
633 2579 782 2662 cognovit
812 2580 957 2661 quintum
978 2588 1013 2641 et
1036 2589 1193 2662 quartum,
1218 2582 1373 2664 equibus
1397 2581 1535 2665 singulos
1559 2579 1659 2644 locos

327 2690 489 2772 expressit.
544 2770 547 2776 Ι

428 2799 479 2861 Ex
508 2798 659 2882 Olymp.
684 2798 706 2862 l.
736 2799 803 2864 VII.
836 2796 889 2865 XI.
922 2801 1021 2863 habet
1051 2800 1138 2864 locos
1174 2803 1303 2884 citatos,
1332 2823 1372 2866 ex
1396 2802 1445 2866 Ol.
1475 2801 1511 2867 Π.
1539 2801 1658 2865 locum

328 2912 475 2974 imitatur.
805 2902 807 2909 ’

294 3005 297 3011 ’
428 3022 654 3087 Isthmiaca
668 3042 741 3087 eum
759 3024 947 3108 cognovisse
956 3020 1080 3086 duobus
1092 3022 1168 3087 locis
1181 3026 1406 3109 comprobatur
1414 3024 1584 3090 isthmlet
1593 3025 1656 3091 VI.

403 3162 408 3170 ·
428 3134 558 3204 Praeter
573 3132 768 3198 Nemeum
791 3135 844 3200 lV.
869 3137 1018 3220 cognovit
1040 3135 1086 3211 11,
1110 3157 1215 3219 equo
1237 3157 1337 3199 unum
1360 3136 1464 3200 locum
1487 3141 1661 3221 expressit,

327 3256 358 3309 et
380 3245 459 3310 VII..
483 3268 501 3308 e
523 3266 587 3329 quo
609 3265 711 3309 unum
743 3244 849 3309 locum
871 3248 1009 3310 imitatus
1032 3256 1088 3310 est.
1423 3231 1426 3237 ⁴

426 3357 635 3440 Reliquorum
663 3367 818 3446 veterum¹
839 3357 1008 3442 lyricorum
1045 3360 1190 3422 nominat
1221 3359 1386 3433 Arionem,
1414 3358 1659 3445 Terpandrum,

326 3465 532 3545 Simonidem,
556 3457 793 3545 Archilochum,
817 3467 873 3533 sed
896 3471 1023 3534 illorum
1046 3472 1188 3533 carmina
1211 3473 1264 3533 vix
1287 3474 1385 3535 novit.

428 3582 567 3643 Solonis
591 3580 697 3644 locum
720 3578 846 3643 aliunde
873 3602 938 3645 non
962 3581 1127 3665 cognitum
1150 3583 1233 3645 citat.

426 3690 516 3753 Haec
532 3711 614 3774 quae
630 3688 786 3774 disputavi
804 3693 829 3754 si
847 3689 1156 3776 comprehendimus,
1173 3693 1287 3756 nullius
1317 3714 1357 3756 ex
1383 3704 1528 3757 veterum
1554 3696 1661 3761 Grae-

327 3822 436 3867 corum
453 3804 654 3886 scriptoribus
670 3803 808 3886 exceptis
823 3801 1008 3880 Menandro,
1027 3805 1202 3887 Sophrone,
1219 3796 1379 3888 Euripide,
1403 3807 1520 3869 Solone
1538 3805 1660 3872 Chori-

328 3916 405 3997 cius,
427 3912 514 3997 quod
530 3912 659 3998 quidem
682 3935 723 3977 ex
745 3916 811 3978 eius
835 3916 983 3998 operibus
1008 3915 1154 4000 colligere
1177 3919 1342 4001 possimus,
1374 3920 1530 4000 cognovit
1559 3917 1662 4000 plura

221 4060 223 4065 ⁴
328 4047 424 4109 quarn
448 4047 530 4109 quae
553 4028 649 4089 etiam
671 4024 766 4090 hodie
788 4035 915 4090 exstant
937 4045 1044 4109 opera.
1189 4029 1191 4033 ’

432 4472 542 4556 Atque
564 4474 656 4536 huius
680 4474 873 4556 quaestionis
897 4493 1057 4537 summam
1083 4475 1112 4536 si
1139 4494 1361 4558 comparamus
1384 4497 1456 4540 cum
1488 4478 1542 4554 eis,
1568 4499 1660 4562 quae

329 4584 476 4649 Foerster
508 4582 548 4648 de
579 4583 703 4647 Libanii
733 4581 841 4646 studiis
870 4581 1040 4667 disputavit
1049 4582 1084 4667 1),
1116 4582 1261 4648 videmus
1291 4587 1356 4650 fere
1386 4585 1499 4651 eadem
1531 4589 1661 4657 lumina

402 4818 404 4822 μ
431 4757 451 4822 ¹)
470 4730 558 4806 Herm
581 4755 630 4806 vol.
654 4756 711 4817 XII,
733 4770 808 4821 pagg.
834 4767 882 4818 207
902 4771 944 4820 sq,
965 4755 1012 4805 Rh.
1030 4757 1066 4808 M.
1093 4755 1142 4805 vol.
1167 4757 1266 4807 XXXII
1288 4776 1370 4824 pagg.
1394 4758 1426 4808 86
1449 4775 1491 4824 sq;
1509 4760 1660 4815 Francesco

328 4842 488 4892 Zambeccari
505 4841 558 4890 und
576 4842 615 4890 die
628 4841 710 4890 Briefe
729 4842 774 4890 des
791 4841 911 4890 Libanius
923 4857 949 4906 p.
961 4855 1019 4896 212.
1053 4844 1185 4892 Praeterea
1202 4844 1345 4925 Foersterus
1362 4846 1485 4895 nonnulla
1503 4846 1537 4894 de
1550 4846 1660 4901 Libanii

328 4928 457 4977 Platonico
475 4927 557 4976 studio
576 4941 673 4976 mecum
695 4926 894 4977 communicavit.
