3542 5634
871 539 1081 600 „50-

312 720 519 785 Inveniuntur
541 723 637 786 etiam
660 724 690 784 in
713 723 925 806 Hermogenis
948 721 1038 807 Prog.
1064 745 1089 786 c.
1105 745 1135 803 4.

414 832 450 895 B.
474 846 544 912 295,
568 832 658 917 frgm.
682 831 741 912 οδ.
786 831 926 918 Ἀνδροῖν
947 833 1121 921 ε’πιφανων
1148 832 1241 901 elada
1256 834 1281 914 1)
1310 831 1429 901 ἅπασα
1450 835 1492 921 γῆ
1546 836 1644 900 Stob.

313 941 378 1005 flor.
402 940 483 1019 XL„
506 960 527 1023 9
551 940 616 1018 (ed.
639 942 734 1006 Gaisf.
758 963 786 1027 p.
812 958 851 1024 77
865 941 911 1026 2);

402 1047 515 1131 ’Ἅπας
535 1061 596 1137 μὲν
619 1051 680 1141 οἷήρ
703 1052 790 1145 αἰετῷ
812 1056 1006 1143 περάσιμος.

403 1159 543 1230 οἍπασα
566 1151 605 1229 δὲΙ
623 1160 718 1248 χθων
741 1163 835 1256 οἷνδρῐ
857 1178 996 1254 γενναίῳ
1022 1177 1151 1250 πατρίς.

413 1272 450 1335 G.
482 1289 557 1353 223,
588 1273 662 1350 VH,
694 1292 723 1351 4.
753 1284 819 1340 not.
841 1274 869 1335 6.
925 1277 1127 1365 τραγικήν
1160 1274 1257 1342 ἄκουε·
1287 1280 1376 1363 ῥῆσιν
1409 1252 1547 1342 {tratura
1589 1300 1647 1343 σοι

310 1385 486 1465 λίγυυσανε

415 1491 460 1561 Τδ
481 1502 542 1578 μὲν
563 1507 713 1579 μέγιστον
735 1490 846 1562 ούποτ’
870 1493 977 1583 δι’νδρα
1000 1495 1059 1583 χρὴ
1082 1493 1185 1579 σοφδν

411 1612 503 1672 Λίαν
522 1604 697 1690 φυλάσσειν
720 1603 841 1690 ἄλοχον
862 1608 900 1672 ἐν
921 1623 1034 1691 μυχοῖς
1057 1603 1175 1691 δόμων.

410 1714 484 1806 Ἐρᾷ
505 1715 568 1804 γδρ
591 1712 670 1805 ὄψις
692 1720 748 1804 τῆς
770 1714 929 1802 θύραθεν
952 1715 1077 1804 ἡδονῆς,
1183 1768 1186 1773 -

407 1822 483 1917 Ἐρᾷ
505 1823 668 1894 δὀἷκούειν
690 1818 737 1894 οἷν
759 1825 958 1910 φυλάττεται
981 1825 1095 1895 κλύειν,

408 1933 459 2004 Ἐν
482 1935 692 2022 δ’ἆφθύνοισι
715 1938 815 2003 τοῖσδ’
839 1932 1122 2023 α’ναστρωφωμένη

408 2045 583 2114 Βλέπουσύ
604 2053 678 2126 τέίς
699 2053 771 2114 ποῖν
792 2058 847 2113 καὶ
868 2053 1019 2135 παροῦσα
1043 2032 1228 2132 πανταχού,

412 2159 477 2245 Τήν
499 2155 583 2244 ditur
605 2157 784 2245 ἕμπλήσασ
809 2153 1019 2245 α’πήλλακται
1043 2163 1159 2224 κακῶν.

407 2303 449 2365 Hi
479 2321 588 2366 versus
616 2311 752 2385 excepto
780 2311 893 2385 quarto
923 2304 1125 2365 inveniuntur
1148 2304 1178 2363 in
1206 2300 1293 2365 Stob.
1319 2302 1386 2367 flor.
1411 2301 1560 2380 LXXIV,
1587 2321 1633 2385 27

306 2413 364 2475 sub
387 2412 538 2476 lemmate
560 2410 733 2478 Menandri.
789 2398 1000 2475 Antecedunt
1021 2423 1084 2475 tres
1112 2432 1230 2475 versus.
1288 2413 1363 2497 Agit
1391 2411 1431 2475 de
1458 2414 1519 2475 hoc
1547 2414 1635 2498 frag-

306 2533 414 2586 mento
437 2533 611 2607 nostroque
641 2521 681 2586 de
710 2523 781 2586 loco
805 2525 851 2585 vir
873 2522 986 2586 doctus
1010 2523 1116 2586 Graux
1139 2525 1170 2585 in
1193 2525 1388 2605 quaestione,
1417 2543 1513 2605 quam
1536 2544 1635 2605 prae-

306 2636 388 2696 misit
410 2632 538 2698 editioni
560 2633 749 2718 „apologiae
765 2635 958 2696 mimorum‘·
975 2635 1006 2696 in
1021 2634 1100 2696 Rev.
1121 2631 1161 2696 de
1180 2633 1252 2716 phil.
1269 2634 1328 2716 lp.
1349 2650 1410 2696 210
1432 2643 1463 2696 et
1478 2653 1547 2717 pag.
1564 2650 1632 2715 223

307 2756 372 2808 not.
395 2744 425 2808 6.
479 2744 651 2808 Consentio
689 2765 761 2808 cum
791 2746 858 2807 viro
886 2741 981 2807 docto
1011 2754 1142 2827 putante
1168 2765 1221 2809 vv.
1250 2760 1327 2823 1—3
1360 2744 1525 2827 fragmenti
1556 2746 1633 2808 Sto-

308 2856 413 2918 bensis
444 2876 516 2919 esse
549 2853 720 2931 Menandri,
750 2854 889 2938 reliquos
917 2851 1082 2938 Euripidis.
1127 2837 1293 2937 'Quartum
1324 2874 1452 2918 versum
1481 2856 1633 2920 librarius

307 2964 437 3049 quidam
476 2967 581 3029 omisit
619 2967 709 3048 primi
744 2966 859 3029 horum
902 2984 1053 3028 versuum
1090 2968 1178 3028 verbi
1215 2965 1406 3048 aequalitate
1443 2963 1634 3048 perductus.

306 3075 414 3160 Atque
443 3073 599 3161 Euripidis
628 3098 698 3140 esse
732 3077 812 3141 haec
848 3078 948 3139 verba
986 3076 1166 3139 Choricium
1197 3088 1325 3159 putasse
1352 3097 1392 3139 ex
1421 3077 1524 3138 verbis
1557 3079 1633 3141 eius

306 3189 470 3270 probatur:
493 3189 687 3276 τραγικήν
714 3184 812 3256 ἄκουε
841 3192 931 3277 ῥῆσιν
953 3198 1000 3250 et:
1023 3186 1158 3265 Ἀκούεις
1178 3186 1294 3276 ἅνδρδς
1315 3187 1546 3273 μισογύνου
1570 3201 1632 3255 καὶ

305 3287 476 3389 σοι’φρονος.

929 3467 1000 3554 §5-

635 3608 689 3669 De
712 3606 868 3668 Choricii
889 3609 1005 3668 studio
1027 3609 1294 3692 Aristophaneo.

340 3781 344 3792 ·
404 3766 622 3850 Aristophanis
644 3787 762 3831 nomen
784 3768 862 3851 bis3)
885 3766 970 3852 apud
993 3765 1172 3831 Choricium
1195 3767 1344 3852 legimus:
1374 3842 1379 3853 ,

406 3879 441 3942 G.
467 3894 536 3959 230,
559 3876 602 3958 X,
630 3896 676 3959 13.
700 3889 764 3944 not.
792 3896 839 3945 12.
890 3881 1012 3947 δέδοικε
1040 3878 1172 3958 δὀύδεῑς
1197 3879 1240 3965 μή
1276 3879 1368 3976 λάθφ
1398 3877 1539 3962 γύννις
1568 3893 1629 3946 καὶ

304 3992 532 4080 θηλυδρίας
559 3988 575 4056 δ
609 4008 689 4069 παῖς
717 3985 808 4081 αύτῷ
835 3990 974 4073 γεγονως
1009 3989 1030 4079 ἢ
1064 4007 1165 4075 μῖμον
1190 3990 1271 4058 ἰδιδν
1299 3996 1438 4058 τοιαῦτα
1470 4011 1625 4077 σχηματι-

304 4100 439 4186 ζόμενον
458 4097 479 4188 ἢ
494 4103 641 4183 λέγοντος
654 4097 955 4191 Ἀριστοφύνους
972 4097 1125 4180 α’κούσας,
1143 4100 1167 4168 δι’
1181 4102 1218 4190 δὴ
1233 4102 1307 4181 τούς
1324 4101 1485 4179 τοιούτους
1501 4101 1628 4182 ἐκεῖνός
1719 4176 1724 4183 ,

302 4239 368 4279 που
389 4213 449 4299 ἔφη
477 4213 649 4303 κωμῳδῶν.
699 4210 799 4275 Recte
826 4216 873 4276 vir
903 4210 1015 4276 doctus
1050 4214 1157 4277 Graux
1190 4209 1354 4275 adnotavit
1386 4211 1566 4274 Choricium
1592 4213 1628 4276 in

302 4331 409 4385 mente
430 4322 577 4385 habuisse
599 4321 655 4386 Ar.
670 4323 799 4388 Thesm.
823 4346 875 4390 vv.
897 4341 951 4405 131
978 4337 1009 4388 et
1035 4325 1122 4406 136„
1147 4325 1222 4389 Vox
1237 4326 1321 4388 enim
1336 4325 1446 4408 γύννις
1461 4343 1626 4407 nusquam

402 4590 422 4651 ¹)
439 4589 584 4639 Foersterus
608 4583 691 4640 είκολν
712 4591 738 4639 in
762 4583 848 4659 χθων
865 4589 955 4653 corrigi
984 4590 1048 4648 vult;
1082 4600 1219 4641 correctura
1246 4607 1306 4641 sane
1333 4593 1426 4657 optima
1452 4599 1477 4640 et
1508 4607 1540 4639 ex
1567 4592 1631 4643 loco

301 4671 437 4736 Euripideo
454 4674 597 4738 probanda!
626 4683 630 4691 '
1158 4684 1161 4689 ’

401 4776 422 4838 ¹)
440 4775 530 4824 Nauck
548 4777 636 4841 fragm.
659 4785 740 4842 tragg.
759 4777 846 4827 Graec.
865 4778 924 4831 Eur.
946 4791 1018 4842 1034,

402 4876 422 4944 ³)
438 4879 512 4927 Mitto
529 4880 612 4929 locum
638 4880 667 4933 B.
688 4893 744 4941 roo,
762 4892 782 4933 1.
822 4871 951 4947 Σωκράτη
974 4880 1028 4949 μὲν
1049 4876 1098 4933 οὖν
1123 4880 1152 4933 ἐκ
1176 4885 1236 4933 τοῖν
1258 4881 1388 4951 ἱστοριῶν
1415 4879 1633 4954 παρειλήφαμεν

186 5016 192 5025 ,
301 4968 422 5034 κωμικῆς
440 4961 614 5035 α’νεχόμενον
631 4965 771 5035 λοιδορίας
786 4967 830 5016 καὶ
848 4969 904 5017 τῶν
921 4958 1128 5038 Ἀριστοφάνους
1145 4965 1321 5040 ὑπερορῶντα
1337 4962 1521 5038 σκωμμάτων.
