3542 5634
827 494 1092 549 ·-16-

428 675 463 738 G
489 690 559 753 213,
582 671 605 749 Ι,
627 692 657 752 4.
681 683 758 759 πρὶν
779 679 824 751 εἰς
847 675 1266 795 παιδευταςὲγγραφῆναα
1289 673 1359 738 des
1346 675 1473 738 soals
1421 675 1480 759 leg.
1496 693 1568 754 412,
1589 690 1653 755 25:

327 797 403 875 πριν
424 791 469 864 εἰς
493 782 615 874 ἄνδρας
636 781 814 875 ἐγγράψαι
912 800 917 810 ’
1129 811 1132 816 ·
1170 855 1174 861 ,

427 920 462 982 F
487 934 557 1000 215,
581 936 609 1000 7.
653 919 804 987 ἐνταῦθα
828 922 864 987 δὲ
886 919 1057 1012 πράγμασι
1084 921 1311 1009 συνεχόμενος·
1338 920 1378 984 de
1408 923 1475 985 sals,
1500 922 1558 1006 leg.
1584 906 1651 1002 396

327 1049 381 1111 24:
417 1035 504 1109 Οἴοις
535 1036 596 1116 μὲν
627 1043 734 1098 τοίνυν
764 1047 873 1110 κακοῖς
909 1042 966 1098 καὶ
996 1031 1178 1123 Ιπροῖγμασι
1206 1030 1263 1120 την
1303 1029 1494 1120 α’ποόημίαν
1530 1039 1650 1100 πᾶσαν

326 1141 531 1229 συνειχόμην.
1243 1126 1246 1133 ’

397 1272 401 1283 ’
769 1351 771 1354 ,
854 1299 882 1340 c.
908 1278 1070 1363 Olynth.
1094 1280 1115 1340 1.

426 1440 462 1502 B
486 1454 557 1520 207,
581 1455 630 1520 27
653 1449 718 1502 not
745 1458 777 1520 3
799 1449 830 1510 ει
848 1472 942 1533 μη
907 1471 951 1509 τοι
967 1470 1073 1529 ματην
1088 1449 1246 1529 ειρηκίναι
1267 1443 1355 1508 δοκεῖ
1376 1448 1646 1528 Δημοσθένης,

323 1550 366 1631 οἷς
393 1547 534 1619 απιστον
553 1545 636 1629 όλως
659 1565 731 1630 ταις
755 1553 986 1631 πολιτείαις
966 1582 985 1641 η
1018 1566 1178 1646 τυραννίς,
1217 1547 1323 1631 ἄλλως
1362 1578 1396 1617 τε
1432 1580 1496 1620 καν
1526 1550 1649 1642 όμορον

324 1662 439 1749 χιόραν
460 1663 589 1747 ἔχωσιν.
642 1661 725 1726 Citat
758 1665 865 1726 rhetor
894 1664 989 1727 Dem.
1020 1665 1069 1727 Ol
1094 1664 1191 1745 I,110,
1215 1679 1271 1726 20:
1299 1673 1354 1729 καὶ
1379 1658 1462 1742 όλως
1495 1661 1646 1741 ἄπιστον

326 1775 426 1858 οἶμαι,
448 1792 519 1854 ταῖς
540 1772 761 1862 πολιτείαις-η
783 1788 941 1866 τυραννίς,
965 1773 1121 1854 αλλως
1093 1803 1129 1842 τε
1143 1772 1207 1844 κόιν
1237 1773 1355 1865 όμορον
1383 1775 1495 1863 χώραν
1522 1774 1646 1858 ἔχωσιν

426 1910 460 1973 F.
483 1927 554 1989 231,
579 1912 661 1992 7-8
683 1936 725 1965 ==
746 1910 781 1976 Β.
806 1910 868 1972 286
890 1911 980 1994 frgm.
1003 1921 1041 1976 κέ
1060 1895 1125 1973 1101.
1151 1928 1178 1990 3.
1201 1912 1280 2002 πρός
1294 1912 1357 2000 γοὶρ
1380 1906 1427 1978 αὖ
1446 1918 1514 1990 τοῖς
1528 1908 1645 2008 ἄλλοις
1752 1914 1753 1955 ³

325 2036 434 2101 κακοῖς
456 2023 524 2089 ἔστι
546 2032 602 2088 καὶ
627 2019 796 2100 Θετταλός.
821 2021 868 2099 οἷς
890 2018 1062 2112 ἐπιχώριός
1084 2022 1174 2090 ἔστιν
1195 2020 1215 2110 ἦ
1239 2019 1384 2089 οῗπιστία.
1408 2021 1458 2084 Ol.
1482 2021 1504 2098 Ι,
1524 2035 1643 2099 15,15;

324 2180 331 2195 .
357 2186 363 2197 .
388 2182 395 2196 .
420 2131 511 2216 {sira
533 2130 575 2199 τοὶ
597 2138 661 2201 τῶν
684 2131 865 2199 Θετταλῶν.
889 2132 997 2199 ταυτα
1019 2133 1081 2221 γοὶρ
1103 2128 1226 2199 ἄπιστα
1249 2140 1309 2217 μὲν
1336 2128 1377 2220 ἦν
1408 2131 1516 2220 δήπου
1553 2129 1647 2215 ηιόσει

324 2254 379 2310 καῖ
400 2240 452 2310 cisi
475 2249 575 2311 πᾶσιν
597 2241 795 2333 α’νθρτόποις,
817 2245 933 2340 κομιδῇ
955 2245 992 2319 δ’,
1016 2240 1123 2334 ὥσπερ
1145 2237 1191 2330 ἦν,
1214 2254 1270 2309 καὶ
1292 2245 1359 2310 ἔστι
1382 2245 1440 2311 νῦν
1460 2240 1573 2332 τούτῳ.

838 2471 867 2536 d.
892 2472 1052 2558 Olynt·h.
1077 2474 1121 2538 ΙΙ.
1143 2496 1146 2502 ’

425 2635 460 2700 F.
490 2651 561 2714 223,
595 2651 689 2712 1—4:
718 2634 755 2700 cf.
783 2645 849 2698 not.
886 2654 915 2715 3.
953 2634 1062 2705 πόλιν·
1084 2634 1159 2722 ημῖν
1189 2636 1338 2725 χρήσιμος
1377 2636 1395 2701 ό
1434 2638 1565 2716 πολός
1602 2639 1661 2706 ἓν·

325 2747 450 2814 πᾶσιν
473 2744 520 2835 ῥη’
527 2774 613 2832 τωρ,
636 2743 670 2842 ὃς
691 2745 752 2833 την
782 2749 950 2814 Φιλίππου
973 2748 1180 2837 παρασκευὴν
1201 2746 1260 2815 οόκ
1282 2747 1363 2833 ἔχων
1385 2746 1471 2827 ὅπως
1497 2751 1645 2834 ηαυλίσει

321 2858 382 2945 τήν
403 2870 588 2947 προαίρεσιν
617 2865 784 2941 μέμφεταί
797 2864 908 2945 μέθην
924 2870 980 2924 καὶ
993 2856 1226 2946 κορδακισμούς
1242 2869 1297 2924 καὶ
1311 2859 1353 2925 τοὶ
1369 2856 1471 2924 λοιποῖ
1489 2857 1644 2944 όνόματα

322 2969 379 3056 τῆς
393 2967 549 3058 οἷκρασίας
563 2965 653 3051 ἄγων
675 2974 719 3046 είς
739 2980 844 3050 μέσον.
882 2966 977 3030 Dem.
995 2968 1045 3033 Ol.
1068 2967 1095 3029 Π
1117 2988 1147 3050 p.
1167 2984 1216 3048 23,
1239 2970 1343 3052 6sqq.
1360 2971 1575 3052 imprimisque
1595 2987 1642 3032 12.

321 3086 352 3144 εἰ
372 3081 411 3145 δέ
429 3106 475 3158 τις
508 3077 642 3169 σώφρων
668 3075 687 3164 ἢ
715 3079 835 3157 δίκαιος
864 3076 972 3157 ἄλλως
998 3108 1033 3146 τε
1060 3079 1120 3168 την
1144 3087 1228 3147 καθ’
1250 3077 1376 3172 ἡμέραν
1398 3077 1555 3171 α’κρασίαν
1583 3086 1644 3148 τοῦ

321 3196 397 3270 βίου
418 3201 472 3256 καὶ
492 3196 601 3278 μέθην
623 3201 679 3255 καὶ
702 3190 934 3279 κορδακισμοός
957 3189 996 3259 ori
1018 3191 1197 3276 δυνάμενος
1219 3194 1336 3277 φέρειν,
1359 3192 1560 3280 παρεῶσθαι
1581 3201 1637 3257 καὶ
1752 3256 1753 3279 χ

323 3303 360 3370 ἐν
381 3298 508 3380 οὐδενός
529 3302 615 3369 εἶναι
637 3312 724 3390 μέρει
745 3297 802 3369 τόν
822 3302 973 3369 τοιοῦτον
994 3306 1060 3369 κτλ.

424 3437 502 3500 Loci
524 3457 604 3520 quos
627 3438 801 3500 imitatione
823 3437 916 3500 Dem.
942 3437 992 3500 Ol.
1018 3437 1053 3499 H.
1076 3440 1183 3502 rhetor
1205 3443 1374 3521 expressit:

423 3574 459 3639 Β.
483 3590 532 3653 30,
559 3589 597 3636 10
618 3594 663 3657 sq.
707 3580 751 3638 Ει
769 3602 833 3659 γαρ
857 3572 973 3640 ασπίὸι
1003 3576 1111 3672 πολλη
1144 3586 1199 3642 και
1228 3579 1335 3655 βελων
1368 3575 1481 3663 αηιίσει
1513 3604 1647 3646 πυκνων

324 3691 454 3753 ιππέων
485 3712 520 3751 τε
552 3684 743 3767 καταλόγοις
775 3695 832 3751 καὶ
867 3690 950 3751 πᾶσι
983 3687 1205 3781 στρατοπέδου
1242 3688 1456 3773 πληρώμασιν
1489 3693 1524 3754 αι
1560 3689 1644 3774 πρός
1727 3704 1732 3714 ’

323 3795 484 3883 οἷλλήλους
508 3812 619 3874 αυτοις
641 3791 695 3862 ὄια
726 3814 781 3862 σου
813 3796 986 3883 προηλθον
1013 3802 1173 3875 συνθηκαι
1202 3807 1258 3863 και
1285 3800 1413 3930 μικρρὶ
1434 3792 1642 3889 πρόφασις

321 3919 377 3974 καὶ
397 3909 434 3973 τό
458 3934 560 3991 τυχον
583 3907 772 3991 ἐναντίωμα
795 3904 898 3975 πόλιν
921 3904 1080 3997 ανέτρεπε
1102 3936 1162 3987 τας
1186 3909 1340 3987 σπονόας,
1362 3937 1404 3975 τα
1430 3937 1492 3998 γαρ
1514 3908 1642 3988 ειῖνοίας

322 4027 420 4107 χωρις
441 4028 496 4084 και
517 4015 631 4109 πόθου
656 4014 869 4101 συνιστάμενα
884 4018 997 4110 σαθρό
1019 4047 1053 4085 τε
1068 4047 1123 4085 και
1144 4018 1296 4108 σφαλερό,
1320 3997 1374 4086 κόιι
1391 4018 1518 4111 βραχόν
1540 4017 1641 4107 ανθή

324 4151 427 4198 σαντα
452 4127 580 4220 χρόνον
615 4127 891 4218 οἷπομαραίνεται.
935 4128 1102 4193 Paululum
1133 4139 1254 4192 mutata
1291 4141 1363 4193 sunt
1351 4132 1476 4193 thaec
1497 4130 1639 4196 QeDem

324 4240 374 4303 Ol.
397 4238 433 4316 Π,
462 4248 512 4316 '20,
547 4240 682 4318 26421,
714 4256 743 4302 2.
771 4234 853 4307 όταν
883 4241 949 4306 δ’ἐκ
981 4245 1170 4320 πλεονεξίας
1197 4253 1251 4308 καὶ
1272 4256 1430 4376 πονηρίας
1458 4266 1506 4321 τις
1535 4240 1641 4336 ὥσπερ

324 4344 416 4430 οὗτος
439 4352 559 4450 ισχόση,
582 4381 601 4436 η
617 4379 728 4445 πρωτη
745 4351 947 4436 πρόφασις
962 4381 1018 4419 και
1031 4349 1172 4438 μικρόν
1194 4371 1342 4440 πταῖσμα
1359 4352 1497 4422 α’παντα
1513 4351 1640 4440 ανεχαί-

304 4486 388 4555 ,τισε
409 4473 465 4530 καῖ
486 4466 638 4533 διέλυσεν
662 4462 701 4533 ori
715 4491 777 4552 γαρ
799 4461 893 4546 ε’στιν,
917 4462 975 4532 οόκ
992 4464 1087 4545 εστιν,
1111 4492 1135 4529 ω
1126 4455 1297 4556 ἷόινόρεζ
1288 4472 1470 4553 Αθηναῖοι,
1495 4464 1640 4535 οἷόικοόν-

323 4602 365 4642 τα
387 4585 444 4641 καὶ
466 4576 682 4665 ἐπιορκοῦντα
704 4587 758 4644 καὶ
780 4574 983 4664 ψευδόμενον
1005 4574 1310 4660 δύναμιν-βεβαίαν
1330 4576 1526 4660 κτήσασθαι,
1549 4573 1640 4643 ὀἷλλοὶ

323 4687 528 4755 τὰτοιαῦτα
551 4694 595 4767 εἰς
617 4695 677 4772 μὲν
699 4687 866 4767 όίπαξκαῑ
892 4687 1056 4775 βραχύν
1086 4686 1235 4777 χρόνον
1265 4688 1403 4774 ἄντέχει,
1433 4687 1489 4755 καὶ
1518 4687 1641 4777 σφόδρα
1752 4742 1753 4761 ,

321 4827 358 4883 γε
379 4796 555 4886 ἤνθησεν
582 4801 638 4868 ἐπὶ
666 4815 739 4879 ταῖς
768 4800 905 4876 ἐλπίσιν,
936 4796 986 4865 όλν
1011 4795 1120 4899 τόχη,
1148 4806 1199 4891 τῷ
1225 4799 1362 4891 χρόνῳ
1385 4803 1429 4868 δὲ
1450 4801 1642 4886 φωρᾶται
1752 4824 1753 4875 3

323 4921 470 5003 καὶπερὶ
492 4908 598 4982 αότοῖ
621 4914 823 5001 καταρρεῖ
845 4920 876 4974 et
900 4926 950 4986 20,
974 4926 1023 4991 23.
1065 4928 1071 4942 ·
