3542 5634
258 1484 416 1593 Choricii
439 1524 555 1588 Gazaei
578 1544 661 1609 quae
683 1535 809 1589 exstant
831 1547 931 1608 opera
947 1547 1052 1610 neque
1078 1528 1305 1590 sententiarum
1320 1529 1475 1609 gravitate

154 1649 259 1712 neque
281 1626 406 1693 dicendi
429 1633 539 1714 copiae
562 1631 779 1716 magnitudine
801 1654 906 1717 neque
922 1643 1183 1718 argumentorum
1198 1631 1365 1717 splendore
1381 1632 1476 1718 digna

51 1827 55 1835 Ι
154 1749 236 1816 sunt,
269 1742 301 1803 in
324 1741 436 1824 quibus
460 1742 596 1805 multum
619 1743 828 1825 elaboremus
854 1753 950 1828 atque
979 1741 1181 1807 desudemus.
1227 1741 1309 1807 Nam
1337 1754 1373 1806 ut
1394 1744 1474 1807 illius

108 1837 109 1840 ¹
154 1852 271 1913 aetatis
295 1873 389 1915 verus
413 1854 553 1937 sophista
576 1855 676 1939 magis
699 1856 837 1938 speciem
860 1874 957 1938 quam
985 1875 1069 1930 rem,
1092 1856 1192 1939 magis
1215 1853 1348 1938 gloriam
1378 1874 1475 1938 quam

152 1957 337 2044 dignitatem
360 1983 535 2048 veramque
557 1964 730 2028 litterarum
753 1962 880 2028 laudem
903 1973 1035 2051 spectat.
1060 2040 1062 2043 ι

254 2070 409 2137 Attamen
432 2074 518 2158 quod
541 2077 661 2139 auctori
678 2095 797 2160 magno
822 2076 900 2137 vitio
915 2072 990 2137 dare
1007 2076 1242 2153 consuevimus,
1266 2070 1353 2157 quod
1368 2074 1476 2137 alienis

154 2183 291 2247 fontibus
313 2176 456 2249 hortulos
479 2207 553 2250 suos
576 2188 688 2271 inrigat
719 2187 886 2270 magisque
909 2185 1042 2248 aliorum
1065 2204 1163 2268 quam
1185 2204 1244 2247 suo
1266 2185 1392 2268 ingenio
1414 2185 1472 2247 uti-

153 2303 221 2370 tur,'
238 2291 266 2381 id
287 2294 436 2358 'Choricio
466 2298 498 2359 in
526 2297 632 2380 aliqua
661 2294 754 2361 laude
781 2316 900 2380 ponere
929 2295 1020 2358 nobis
1042 2294 1171 2378 quidem
1194 2294 1273 2358 licet.
1318 2295 1474 2359 Utebatur

154 2404 239 2466 enim
255 2384 425 2483 sententiis,
448 2408 611 2491 exemplis,
634 2409 738 2471 verbis
754 2408 950 2491 optimorum
966 2407 1316 2489 vetustissimorumque
1332 2406 1473 2470 Graecae

154 2514 280 2597 linguae
313 2516 499 2600 scriptorum
533 2528 564 2580 et
597 2541 639 2581 ex
673 2521 717 2581 eis
749 2538 807 2581 sua
835 2518 907 2581 fecit
936 2537 1019 2601 quae
1042 2525 1073 2579 et
1095 2512 1136 2579 ad
1158 2513 1417 2598 amplificandam
1441 2526 1474 2578 et

155 2624 331 2688 ornandam
348 2629 525 2690 orationem
540 2630 705 2711 pertinent,
729 2629 774 2692 ita
795 2637 830 2691 ut
849 2647 947 2711 opera
966 2629 1034 2707 eius
1048 2627 1138 2709 quasi
1153 2623 1285 2690 reddere
1301 2627 1471 2711 imaginem

154 2732 246 2797 studii
270 2734 356 2818 quod
377 2738 409 2799 in
432 2736 489 2799 illis
513 2738 679 2802 collocavit
702 2737 851 2803 contendi
873 2740 981 2821 possit.

256 2844 364 2930 Atque
393 2849 539 2931 quaestio
571 2870 730 2934 quaenam
760 2830 873 2913 fuerint
899 2848 952 2912 illa
980 2847 1099 2911 lumina
1132 2867 1215 2930 quae
1248 2849 1388 2910 maxime
1421 2847 1472 2911 ille

154 2957 295 3040 sophista
310 2970 436 3022 secutus
452 2962 499 3037 sit,
522 2958 681 3044 duplicem
697 2959 786 3023 affert
801 2959 977 3023 utilitatem.
1014 2955 1096 3021 Nam
1113 2954 1291 3025 non'modo
1314 2954 1472 3035 discimus,

153 3065 238 3129 unde
260 3069 458 3151 potissimum
483 3068 645 3133 Choricius
667 3070 881 3154 aequalesque
904 3071 970 3133 eius
992 3069 1168 3144 libaverint,
1192 3064 1248 3130 sed
1263 3068 1360 3130 etiam
1375 3088 1472 3150 quam

154 3177 219 3239 vim
235 3178 293 3241 -vel
315 3180 426 3265 singuli
449 3190 614 3244 auctorum
637 3183 689 3264 qui
723 3181 840 3244 classici
874 3189 1098 3262 nuncupantur
1130 3178 1182 3241 vel
1215 3166 1339 3260 singula
1361 3198 1472 3241 eorum

154 3307 252 3371 opera
288 3287 329 3353 ad
365 3292 507 3354 animum
544 3291 714 3376 stilumque
755 3293 942 3376 scriptorum
987 3291 1168 3354 inferiorum
1208 3286 1472 3352 conformandum

134 3399 326 3463 habuerint.
386 3401 509 3464 Omitto
538 3401 626 3465 illum
655 3402 791 3465 fructum
818 3423 915 3485 quem
944 3401 1134 3485 percipimus
1163 3419 1204 3462 ex
1231 3398 1346 3461 talibus
1376 3417 1471 3481 quae-

152 3509 303 3571 stionibus
327 3521 358 3573 et
380 3509 421 3575 ad
444 3512 577 3575 Choricii
599 3523 631 3576 et
648 3509 688 3575 ad
704 3534 816 3576 eorum
831 3531 912 3596 quos
927 3514 1065 3575 imitatus
1080 3520 1129 3574 est
1144 3511 1332 3593 scriptorum
1348 3519 1471 3572 textum

153 3617 382 3702 corrigendum.
428 3623 533 3703 Quem
555 3623 713 3687 minorem
730 3611 822 3700 esse,
852 3620 939 3707 quod
961 3622 1085 3685 illorum
1115 3622 1201 3685 locos
1230 3641 1295 3684 non
1322 3630 1389 3683 tam
1419 3618 1471 3684 de-

152 3731 307 3813 prompsit
330 3751 427 3814 quam
450 3734 587 3796 imitatus
610 3744 657 3796 est
679 3754 735 3817 per
757 3755 791 3798 se
813 3733 946 3797 elucet.'

253 3841 413 3922 Quoniam
441 3854 548 3906 autem
575 3842 615 3908 de
646 3845 780 3908 Choricii
809 3855 955 3908 veterum
982 3843 1176 3907 Graecorum
1207 3839 1314 3906 studiis
1346 3841 1470 3905 nullum

151 3960 256 4014 exstat
277 3954 504 4031 testimonium,
534 3975 599 4018 una
628 3955 720 4018 nobis
750 3955 859 4018 relicta
886 3963 934 4018 est
956 3956 1008 4017 via
1035 3974 1099 4038 qua
1122 3951 1163 4017 ad
1186 3961 1308 4016 certum
1331 3952 1470 4036 aliquem

151 4060 248 4124 finem
270 4066 508 4145 perveniamus:
531 4063 757 4148 perscrutanda
779 4074 852 4128 sunt
874 4084 972 4148 opera
995 4065 1129 4128 Choricii
1151 4066 1227 4148 ipsa,
1250 4073 1286 4126 ut
1307 4063 1394 4126 locos
1417 4083 1470 4125 ex·

150 4173 313 4255 quiramus
336 4174 541 4259 quibusillos
563 4176 700 4239 imitatus
737 4177 775 4239 sit
808 4183 862 4238 aut
878 4177 1070 4259 respexerit,
1096 4185 1128 4238 et
1158 4175 1353 4238 elocutiones
1387 4173 1470 4236 colli·

151 4303 273 4368 gamus,
296 4307 376 4369 quas
398 4284 470 4350 inde
493 4307 565 4350 suas
588 4286 669 4350 lecit.

250 4394 288 4457 In
317 4393 521 4461 diiudicandis
550 4407 658 4461 autem
689 4398 733 4461 eis
761 4397 837 4460 locis
868 4399 922 4481 qui
950 4397 1126 4461 imitatione
1159 4395 1287 4458 illorum
1326 4404 1471 4460 veterum

151 4507 337 4590 scriptorum
361 4509 499 4591 expressi
522 4518 595 4571 sunt
618 4529 735 4594 magna
762 4509 807 4571 uti
835 4510 984 4572 cautione
1015 4509 1105 4572 nobis
1127 4526 1257 4571 necesse
1280 4518 1337 4570 est.
1382 4508 1470 4571 Non·

151 4616 239 4680 nulla
267 4619 352 4681 enim
383 4620 584 4682 inveniuntur
615 4640 698 4704 quae
721 4619 883 4682 Choricius
912 4639 977 4682 non
1000 4639 1042 4682 ex
1064 4619 1138 4702 ipsis
1160 4616 1319 4680 veteribus
1342 4620 1471 4703 scripto-

148 4727 233 4790 ribus
255 4725 312 4791 sed
326 4730 366 4793 ab
390 4731 455 4793 aliis
471 4731 660 4806 auctoribus
684 4730 780 4813 quiet
802 4730 859 4813 ipsi
881 4750 922 4792 ex
945 4730 1002 4793 illis
1024 4738 1078 4793 aut
1089 4737 1177 4792 recta
1187 4736 1242 4791 aut
1255 4726 1408 4793 indirecta
1419 4732 1471 4794 via

53 4848 56 4855 '
147 4838 330 4919 hauserunt,
356 4841 521 4924 acceperit.
557 4841 607 4905 De
630 4841 676 4903 his
703 4837 831 4924 quidem
856 4841 1080 4904 imitationibus
1108 4860 1166 4902 suo
1190 4838 1263 4931 loco
1289 4836 1468 4934 disputabo,
