3542 5634
789 403 1072 509 ⁹-aoss-

748 656 779 701 n.
813 644 964 698 contra
990 634 1199 700 Boeotum.

418 748 455 840 G
479 789 529 856 79,
560 771 628 849 ΧΠ,
657 789 688 852 4.
726 786 761 839 τί
788 770 832 840 ἂν
857 775 1098 863 μακρολογοίην.
1141 773 1237 839 Dem.
1266 779 1376 834 contra
1401 768 1512 836 Boeot.
1544 784 1639 844 1011,

322 901 377 967 152
407 898 441 953 τί
458 881 501 954 dv
521 883 600 970 ὑμῖν
620 886 860 974 μακρολογοίην.
1374 916 1376 923 ι

420 1022 555 1088 Restant
595 1020 768 1085 nonnullae
803 1021 1029 1086 Demosthenis
1066 1021 1241 1099 orationes,
1278 1042 1297 1084 e
1325 1020 1438 1104 quibus
1473 1016 1639 1083 Choricius

319 1133 513 1222 elocutiones
536 1130 643 1211 mod0‚
667 1141 821 1217 quantum
844 1131 949 1211 video,
972 1153 1043 1198 suas
1066 1133 1176 1197 fecisse
1198 1129 1337 1200 videturt

689 1290 719 1336 ο.
754 1270 902 1333 Contra
927 1266 1260 1353 Dionysodorum.

420 1406 455 1471 Β.
485 1419 534 1487 55,
565 1420 592 1488 5.
638 1416 701 1475 Καὶ
728 1408 815 1493 δίκην
844 1402 945 1485 ariade
978 1406 1087 1498 ἑαυτῷ
1117 1402 1270 1476 θάνατον
1300 1401 1413 1498 ὥρισεν
1537 1405 1636 1467 Dem.

320 1518 413 1614 Dion.
439 1533 527 1599 1291,
561 1534 615 1584 11:
649 1518 742 1587 τοῦτο
771 1513 834 1608 γάρ
860 1515 897 1585 τδ
925 1519 1049 1615 δίκαιον
1076 1516 1132 1585 οὐκ
1163 1514 1263 1598 ἄλλος
1291 1517 1405 1596 οὐδείς,
1434 1513 1506 1584 ἄλλ’
1534 1512 1638 1597 αὖτδς

320 1630 358 1699 συ
379 1632 486 1722 σαυτῷ
507 1623 633 1716 ὥρισας.
1559 1632 1562 1639 ’

753 1790 755 1793 -
812 1759 841 1823 p.
875 1738 1140 1804 Timocraten.

423 1875 458 1942 F.
481 1891 552 1954 221,
578 1878 625 1943 16.
652 1873 739 1944 κατά
761 1876 889 1966 πολλην
909 1875 1042 1967 ἡσυχίαν
1059 1904 1103 1934 ··=
1116 1876 1200 1942 Tim.
1224 1891 1295 1958 709,
1322 1892 1380 1956 13:
1404 1875 1488 1942 κατά
1511 1871 1642 1960 πολλήν

323 1986 471 2076 ἡσυχίαν.

425 2099 460 2163 Β.
493 2112 542 2181 55,
573 2116 620 2163 12.
660 2101 861 2189 διαστρέφων
887 2097 959 2178 roric
989 2096 1109 2184 νόμους
1142 2099 1236 2164 Dem.
1264 2098 1355 2179 Tim„
1384 2097 1455 2180 765,
1495 2114 1547 2175 14:
1582 2105 1642 2162 καὶ

325 2213 577 2301 διαστρέφοντας
599 2209 716 2291 αὐτούς
741 2210 833 2294 (τούς
855 2207 992 2296 νόμους)
1016 2208 1170 2288 κολάζειν.

750 2420 781 2482 q.
814 2396 1004 2481 Epistola
1024 2396 1212 2480 Philippi.

427 2536 464 2602 G.
486 2535 537 2615 64,
558 2535 582 2613 Ι,
604 2554 634 2616 4·
669 2535 764 2621 δμίν
792 2537 836 2604 δὲ
864 2535 1064 2604 τοσοῦτον
1094 2533 1388 2620 πλεονεκτημάτων
1417 2546 1641 2624 περίεστιν,

327 2642 427 2716 ὥστε
455 2651 522 2715 κτλ.
566 2648 627 2731 Ep.
659 2647 726 2722 160,
761 2637 812 2711 iz:
855 2650 914 2716 νῦν
940 2647 982 2715 δὲ
1010 2646 1209 2716 τοσοῦτον
1237 2644 1333 2731 ὑμῖν
1359 2656 1539 2732 περίεστι
1574 2648 1643 2712 τοῦ

245 2834 249 2841 ‚
327 2755 406 2850 πρδς
429 2759 488 2844 ἐμὲ
508 2768 629 2846 μίσους,
650 2753 744 2826 ὥστε
766 2761 832 2825 κτλ.

428 2868 554 2933 Tamen
585 2870 665 2933 haec
699 2889 765 2934 non
797 2868 873 2935 talia
908 2877 990 2946 sunt,
1030 2876 1066 2931 ut
1104 2866 1283 2931 Choricium
1312 2886 1352 2930 ea
1383 2867 1539 2930 imitatum
1571 2884 1644 2929 esse

330 2977 538 3046 demonstrari
559 2981 666 3065 possit.

930 3206 1036 3296 balb·

670 3376 722 3435 De
746 3374 910 3437 Choricio
932 3376 1102 3437 Demadis
1126 3344 1310 3437 imitatore.

430 3535 466 3600 Β.
492 3534 542 3612 60,
575 3550 603 3615 3.
644 3535 717 3602 ἐπεὶ
753 3545 808 3602 καλ
835 3551 901 3616 τοῖς
933 3535 1182 3627 Ἀσκληπιάδαις
1215 3537 1330 3620 μείζων
1357 3533 1519 3620 ὀφείλεται
1549 3529 1642 3622 χάρις

330 3647 549 3735 ἐπερχομένην
585 3643 818 3715 α’ναστέλλουσι
852 3644 948 3715 νόσον
983 3644 1005 3734 ἢ
1043 3651 1304 3735 παραπεσοῦσαν
1339 3638 1538 3731 λυσαμένοις.
1580 3647 1640 3710 τοῦ

329 3757 392 3845 γάρ
407 3752 628 3844 άπηλλάχδαι
642 3761 744 3825 κακοῦ
757 3758 794 3824 τδ
809 3754 854 3845 μη
870 3763 999 3825 παδείν
1014 3755 1232 3849 αἱρετώτερον.
1248 3754 1471 3820 Boissonadius
1484 3752 1640 3832 „Verba“,

330 3867 439 3950 inquit,
464 3874 556 3944 „sunt
572 3863 733 3945 Demadis,
757 3888 822 3931 non
844 3869 876 3932 in
892 3868 1041 3944 Stobae0,
1064 3865 1151 3950 quod
1165 3865 1293 3951 quidem
1307 3867 1450 3930 noverim
1464 3864 1641 3950 (oppugnat

330 3978 426 4041 errori
454 3976 663 4060 Villebrunii)‚
702 3976 758 4043 sed
794 3980 825 4042 in
857 3977 988 4043 Antonii
1020 3978 1148 4064 Sylloge
1179 3979 1279 4042 Serm.
1316 3978 1376 4056 146
1406 3996 1435 4060 p.
1465 3992 1525 4062 233
1557 4024 1564 4036 .
1594 4022 1603 4039 .
1632 4026 1639 4040 .

268 4140 273 4152 .
331 4066 519 4153 Mendosuin
542 4090 654 4173 opinor
686 4109 756 4153 esse
777 4087 930 4155 Demadis
963 4111 1096 4173 nomem
1126 4110 1208 4175 quae
1237 4085 1353 4153 menda
1382 4089 1413 4151 in
1441 4085 1640 4150 lemmatibus

330 4201 459 4264 Stobaei
497 4208 529 4263 et
558 4198 690 4263 Antonii
728 4210 800 4265 sunt
833 4203 1020 4286 frequentia,
1054 4212 1087 4267 et
1116 4202 1292 4266 Antonium
1325 4202 1427 4284 ipsum
1466 4198 1641 4276 sententiae

329 4308 529 4395 adscripsisse
544 4311 597 4375 vel
613 4311 746 4375 Choricii
769 4334 887 4377 nomen
902 4314 954 4377 vel
977 4313 1109 4381 nullum.
1144 4313 1276 4377 Prorsus
1299 4314 1383 4376 enim
1399 4320 1446 4375 est
1461 4286 1640 4374 incredibile

330 4422 509 4486 Choricium
531 4423 694 4506 ipsissima,
722 4444 763 4487 ne
785 4424 917 4488 minima
939 4422 1067 4508 quidem
1089 4424 1172 4489 lacta
1193 4424 1422 4499 immutatione,
1454 4423 1512 4509 sibi
1529 4419 1639 4504 'sump-

329 4534 405 4597 sisse
432 4530 584 4599 Demadis
615 4536 723 4598 verba.
778 4533 948 4618 Sophistae
982 4545 1071 4599 erant
1103 4538 1285 4614 imitatores,
1321 4555 1386 4599 non
1414 4537 1481 4599 sine
1519 4529 1640 4618 pudore

268 4677 274 4690 ·
329 4644 498 4728 plagiarii.“
552 4643 635 4709 Cum
657 4645 704 4708 his
732 4646 789 4708 viri
816 4643 899 4709 docti
927 4647 1013 4710 iustis
1047 4648 1238 4731 argumentis
1267 4647 1459 4711 conveniunt
1486 4665 1526 4709 ea
1557 4662 1640 4727 quae

329 4754 550 4818 recentioribus
587 4756 780 4838 temporibus
813 4766 845 4820 et
875 4756 910 4822 C.
937 4755 1151 4822 Wachsmuth
1182 4759 1213 4820 in
1248 4755 1517 4823 dissertationibus
1557 4774 1640 4838 quae

328 4866 537 4930 inscribuntur
557 4862 710 4945 „Studien
731 4887 772 4930 zu
793 4864 855 4931 den
881 4869 1094 4953 griechischen
1115 4868 1323 4953 Florilegien“
1346 4868 1465 4953 (Berlin
1490 4863 1583 4948 1882)
1606 4873 1638 4928 et
1758 4856 1766 4884 ¹
