3542 5634
898 505 1108 563 ..ηρ-

351 709 453 768 νεται,
488 683 601 755 πόθεν
633 683 706 773 ἅμα
744 691 852 777 πρᾶον
884 698 940 755 καὶ
972 684 1206 773 μεγαλόψυχον
1238 679 1321 772 ἦθος
1354 686 1487 778 εύρησει,
1519 693 1668 775 χαλεπού

336 794 531 896 Δπεφυκότος
564 804 608 875 είς
641 802 677 867 ἓν
708 797 860 888 ἑκάτερον
893 802 1070 868 συνελθεῖν.
1126 799 1207 882 Rep.
1232 797 1268 880 Π,
1292 812 1351 880 375
1377 798 1418 864 C:
1450 798 1560 868 πόθεν
1593 798 1667 886 δόμα

324 948 326 953 -
350 910 458 995 πρᾶον
481 916 537 974 καὶ
566 893 799 993 μεγαλόθυμον
827 899 910 997 ἦθος
939 906 1130 999 εύρήσομεν,Ι
1152 910 1287 979 ἐναντία
1317 908 1380 1001 γόρ
1407 936 1471 979 που
1499 913 1672 995 θυμοειδεῖ

350 1032 472 1107 πραεῖα
495 1016 594 1103 φύσις.

455 1127 535 1190 Loci
549 1128 709 1214 Platonici,
731 1150 811 1215 quos
833 1130 941 1195 rhetor
962 1149 1036 1194 suos
1059 1129 1131 1194 fecit
1153 1130 1243 1195 nulla
1265 1151 1299 1195 re
1321 1127 1461 1197 indicans
1482 1128 1566 1195 unde
1587 1132 1666 1216 peti-

351 1239 440 1316 verit,
463 1247 551 1303 sunt:
659 1310 667 1327 ι
712 1216 739 1263 ”

387 1415 392 1425 ,
451 1349 486 1416 Β.
514 1367 539 1427 Ι,
561 1352 592 1422 6.
620 1347 710 1435 ὅστε,
734 1349 797 1421 κόόν
818 1351 915 1439 μόνος
937 1350 983 1421 ὤν
1012 1380 1060 1431 τις
1091 1351 1244 1450 τυγχάνῃ,
1272 1349 1332 1443 την
1361 1356 1450 1422 ι’δίαν
1472 1353 1569 1435 αότδς
1590 1360 1666 1422 ἑαυ-

351 1463 401 1552 τῷ
436 1462 636 1552 διεξέρχεται·
663 1461 779 1546 λύπην,
815 1463 852 1529 cf.
881 1463 962 1547 Rep.
994 1461 1035 1539 X,
1069 1463 1141 1543 604,
1172 1461 1213 1527 Α.
1244 1463 1380 1555 πότερον
1407 1468 1534 1547 μᾶλλον
1554 1440 1668 1533 ἀύτδν

351 1566 473 1661 (ἄνδρα
495 1570 636 1660 ἐπιεικῆ)
650 1577 709 1640 οἴει
730 1579 771 1673 τῇ
784 1573 871 1669 λύπη
893 1584 1079 1661 μαχεῖσθαί
1097 1587 1203 1642 τεκαὶ
1224 1574 1426 1658 οἷντιτείνειν,
1451 1572 1534 1644 όταν
1547 1574 1667 1665 δρᾶται

351 1679 418 1749 δπό
439 1688 506 1751 τῶν
528 1682 654 1770 ὁμοίων,
678 1682 699 1772 η’
720 1681 802 1753 όταν
823 1688 859 1753 ἐν
880 1687 996 1784 ξρημίρι
1017 1684 1113 1772 μόνος
1147 1684 1244 1764 αύτός
1274 1692 1354 1753 καθ’
1378 1683 1479 1754 αύτδν
1500 1699 1651 1773 γίγνηται
1657 1715 1667 1767 ,·

452 1818 487 1884 Β.
517 1835 567 1900 32,
604 1829 650 1898 14.
688 1823 760 1887 ἐπεὶ
794 1832 850 1887 καὶ
877 1820 1036 1907 σωμάτων
1062 1820 1167 1905 ύγίεια
1200 1820 1309 1911 ἡλίκον
1341 1822 1409 1889 ἐστὶ
1441 1839 1504 1898 τοῖς
1538 1823 1666 1906 ἔχουσιν

351 1925 484 2010 οἷγαθόν
505 1928 525 2018 ἦ
547 1928 635 2008 νόσος
658 1931 818 2016 ἐμφαίνει.
841 1931 923 2015 Rep.
946 1930 1002 2009 IX,
1027 1933 1085 2012 583
1099 1931 1139 1994 C:
1159 1924 1224 2022 Ἆρ’
1248 1924 1305 2000 σύν
1326 1931 1536 2016 μνημονεύεις
1559 1985 1565 1998 .
1590 1985 1598 1997 .
1623 1980 1631 1992 .
1658 1984 1664 1997 .

351 2039 423 2116 τούς
444 2045 510 2108 τῶν
531 2040 723 2126 καμνόντων
744 2042 871 2126 λόγους,
895 2094 901 2105 .
927 2098 932 2110 ,
959 2096 965 2108 .
991 2091 998 2106 .
1021 2056 1149 2123 ποίους,
1177 2041 1229 2120 Ὡς
1259 2040 1353 2110 ου’δὲν
1375 2040 1441 2133 δι’ρα
1464 2043 1550 2109 ἐστὶν
1570 2031 1666 2127 ἥδιον

350 2154 409 2218 τού
428 2148 598 2233 ὑγιαίνειν.
641 2151 778 2218 Mutavit
800 2155 913 2231 verba,
931 2155 1119 2218 sententiam
1142 2174 1208 2217 non
1231 2154 1374 2218 mutavit.

449 2287 484 2356 Β.
510 2291 559 2368 38,
584 2306 610 2369 3.
640 2287 735 2358 Ὥστε
756 2297 912 2361 νοσοῦσαν
933 2293 1058 2381 ἐκείνην
1073 2290 1167 2360 ούδὲν
1182 2290 1280 2388 εἰσῄει
1296 2288 1412 2372 δεινόν,
1430 2286 1504 2386 οὐδὲ
1517 2288 1666 2372 λογισμός

308 2386 311 2392 ’
348 2397 497 2488 ἔστρεφεν
519 2398 605 2501 αὐτῇ
624 2406 684 2490 τῆν
706 2402 826 2489 ψυχήν,
849 2403 895 2492 μή
918 2402 995 2472 τινοί
1017 2429 1082 2472 που
1102 2401 1283 2488 λελύπηκεν
1306 2455 1313 2469 .
1338 2455 1345 2468 .
1370 2455 1377 2467 .
1402 2454 1409 2467 .
1433 2396 1519 2466 α’λλοέ
1533 2404 1665 2483 γλυκεῖα

350 2515 461 2599 παρῆν
483 2508 552 2578 α’ττδ
573 2518 639 2581 τῶν
660 2514 761 2603 ε”ργων
781 2515 882 2592 ἐλπίς.

452 2645 488 2711 G.
506 2646 568 2729 ⁶69,
597 2646 650 2726 IV,
679 2667 708 2727 4.
778 2649 943 2729 Τοιαύτας
980 2649 1068 2737 εἶχόν
1101 2672 1149 2718 σοι
1180 2650 1240 2728 τοὶς
1272 2649 1442 2739 φροντίδας
1476 2652 1511 2714 αλ
1544 2645 1666 2728 νύκτες,

349 2760 488 2825 τοιοῦτοί
506 2778 554 2824 σοι
575 2764 653 2842 μεθ’
675 2757 800 2850 ἡμέραν
821 2762 972 2851 ἔστρεφον
993 2762 1053 2848 την
1075 2761 1187 2847 ψυχην
1208 2764 1360 2846 λογισμοί.
1369 2755 1396 2842 1)
1536 2746 1538 2749 ¹

450 2864 485 2933 F.
509 2883 589 2945 212,·
602 2868 651 2935 26.
696 2876 803 2938 ταῦτα
823 2872 1037 2956 λογιζομένοις
1058 2870 1190 2955 οἷθυμία
1213 2882 1268 2938 καὶ
1289 2868 1359 2947 δεός
1381 2875 1561 2958 εἰςέρχεται.

450 2975 485 3045 F.
510 2977 580 3061 216,
607 2978 653 3043 16.
698 2979 716 3046 ό
737 2981 801 3071 γδρ
823 2982 906 3071 ἕροῖν
927 2979 1076 3062 ύποψίας
1098 2982 1164 3074 ἐστὶ
1186 2992 1242 3048 καὶ
1264 2979 1367 3066 φόβου
1388 2975 1547 3063 μεστόςῑ)

452 3086 496 3184 B.v
512 3103 562 3172 70,
586 3105 615 3170 7.
657 3087 729 3157 Ἔτι
760 3092 797 3158 δὲ
824 3096 890 3159 τῶν
919 3089 1130 3181 οἷδικημότων
1157 3090 1193 3157 τό
1227 3094 1355 3178 πλῆθος
1382 3089 1531 3177 ἔστρεφεν
1561 3086 1667 3155 αὐτοῦ

351 3198 411 3287 την
432 3197 576 3285 ψυχηνὶ)
598 3200 721 3278 πολλός
743 3199 969 3271 α’πειλούντων
992 3199 1084 3292 αύτῷ
1106 3214 1269 3289 τιμωρίας.
1329 3207 1408 3279 Ταῖς
1430 3198 1494 3287 γδρ
1521 3196 1667 3276 οἷδικίαις

349 3314 379 3373 ot
416 3322 602 3399 κεχρημένοι
636 3309 833 3402 πράττοντες
863 3319 925 3398 μὲν
963 3310 1102 3396 εύτυχιός
1133 3308 1170 3380 ού
1208 3312 1398 3394 λογίζονται,
1430 3313 1594 3399 συμφορᾶς
1627 3310 1669 3376 δέ·

349 3445 434 3499 τινος
459 3418 680 3510 ἐμπιπτούσης
705 3421 778 3490 τότε
812 3423 850 3510 δη
880 3423 940 3499 τοὶς
966 3423 1051 3499 ίδίας
1080 3418 1350 3511 οἷπαριθμούντες
1379 3425 1504 3497 ἑαυτοῖς
1534 3422 1664 3488 πλεονε-

352 3535 422 3608 ξίας
436 3530 680 3628 ταράττονται.
729 3532 787 3595 His
815 3533 955 3616 quinque
985 3550 1065 3614 quos
1085 3529 1188 3615 ‚attuli
1221 3530 1296 3593 loeis
1329 3525 1482 3592 imitando
1512 3530 1667 3611 expressit

350 3638 572 3730 PlatRep.·1‚
596 3659 666 3724 330,
689 3642 803 3709 D—E.
847 3634 885 3710 εύ
905 3641 968 3731 γδρ
990 3645 1072 3724 ἴσθι,
1096 3642 1166 3729 ἔφη,
1190 3632 1218 3707 οἷ
1239 3637 1415 3729 Σώκρατες,
1439 3621 1501 3723 ότι,
1524 3639 1666 3706 ἐπειδάν

352 3778 399 3830 τις
420 3753 513 3835 ἐγγύς
539 3745 562 3853 ᾖ
582 3758 639 3821 τοῦ
669 3757 799 3821 οἴεσθαι
826 3749 1036 3839 τελευτήσειν,
1064 3758 1306 3840 εἰσέρχεται
1336 3752 1448 3845 αύτῷ
1478 3752 1559 3827 δέος
1588 3761 1666 3815 Ικαῖ

353 3874 511 3952 φροντὶς
532 3874 622 3952 περὶ
645 3854 691 3931 τόν
712 3864 900 3953 ἔμπροσθεν
922 3860 990 3930 ούκ
1018 3861 1153 3961 εἰσῄει.
1177 3866 1262 3929 οἵτε
1281 3862 1345 3952 γαρ
1373 3862 1538 3947 λεγόμενοι
1559 3864 1666 3944 μῦθοι
1760 3888 1761 3901 ’

351 3979 512 4062 περὶτῶν
534 3975 569 4042 ἔν
591 3975 693 4043 Αἴδου
710 4028 716 4042 .
734 4029 740 4043 .
759 4029 764 4041 .
783 3969 837 4060 [E]
851 3971 941 4040 τότε
963 3972 1008 4055 δη
1032 3985 1272 4064 στρέφουσιν
1294 3971 1419 4041 αὐτοῦ
1439 3971 1512 4057 την
1534 3970 1668 4058 ψυχήν

350 4085 395 4172 μη
418 4082 554 4174 οἷληθεῖς
576 4075 643 4152 ιδσῖ
667 4095 722 4150 καὶ
744 4081 841 4164 αύτός
868 4080 940 4171 ἤτοι
968 4080 1034 4152 ύπδ
1064 4088 1119 4171 τῆς
1145 4088 1202 4152 τού
1228 4083 1328 4174 γήρως
1357 4081 1533 4161 οἷσθενείας
1561 4081 1582 4170 ἢ
1609 4094 1667 4149 καὶ

352 4192 461 4285 ὥσπερ
491 4192 552 4282 ἤδη
585 4196 738 4285 ἐγγυτέρω
762 4192 808 4264 τόν
833 4199 901 4262 τῶν
922 4196 989 4262 ἐκεῖ
1007 4194 1134 4277 μᾶλλόν
1159 4222 1191 4260 τι
1221 4199 1353 4282 καθορᾷ
1387 4192 1482 4262 αύτό.
1517 4192 1669 4277 ὑποψίας

353 4298 440 4383 δὀύν
461 4317 517 4374 καῖ
540 4307 688 4391 δείματος
709 4305 821 4390 μεστός
848 4319 994 4389 γίγνεται
1022 4316 1078 4372 καὶ
1107 4304 1334 4389 οἷναλογίζεται
1369 4303 1429 4392 η’δη
1461 4314 1516 4370 καὶ
1544 4320 1666 4385 σκοπεῖ,

353 4423 395 4487 εἴ
419 4418 513 4487 τινύ
539 4445 577 4484 τι
609 4414 803 4505 ἠδίκηκεν
834 4469 840 4480 .
870 4470 876 4482 .
909 4470 914 4481 .
947 4413 1017 4502 [331
1053 4412 1096 4502 A]
1135 4420 1183 4508 τῷ
1215 4417 1251 4484 δὲ
1282 4418 1383 4505 μηδὲν
1413 4419 1520 4507 ἑαυτῷ
1552 4411 1670 4481 ἄδικον

353 4528 511 4608 ξυνειδότι
532 4526 625 4615 ἡδεῖα
648 4528 763 4604 ἐλπὶς
793 4524 857 4593 οἷεὶ
888 4525 1063 4617 πάρεστι
1093 4538 1149 4593 καῖ
1171 4524 1285 4610 οἷγαθη
1307 4524 1504 4617 γηροτρόφος,
1539 4522 1581 4602 ὦς
1610 4535 1668 4591 καὶ

353 4642 512 4730 Πίνδαρος
531 4642 625 4722 λέγει·
1083 4654 1087 4662 ’

453 4849 474 4914 ¹)
492 4850 547 4899 Hos
564 4851 633 4900 locos
645 4851 779 4900 ⁴Platonem
805 4849 928 4914 respicere
955 4850 1028 4899 etiarn
1048 4849 1164 4898 Polakius
1182 4849 1311 4899 admonuit
1332 4850 1358 4899 in
1376 4849 1482 4899 Hennae
1501 4847 1550 4899 vol.
1570 4847 1667 4905 XVIII,
1759 4922 1761 4925 ι

352 4948 384 4999 72
402 4942 427 4985 et
444 4943 496 4986 not.
512 4947 532 4989 ι,
