3542 5634
688 489 895 546 ..27-

238 669 275 733 Β.
297 670 348 750 82,
370 686 400 747 4.
449 672 596 750 εἰσαῦθις
630 670 871 754 ἀναβαλοῦμαι
897 696 940 722 --
970 668 1070 731 Conv.
1109 681 1168 749 174
1200 667 1238 735 Ε.
1272 675 1316 749 εἰς
1350 662 1452 749 αὖθις

44 822 51 833 ·
137 777 324 859 α’ναβαλοῦ.

236 889 270 952 Β.
295 891 345 971 78,
371 905 417 952 10.
461 893 595 979 ἕρμαιον
618 886 662 957 dv
683 888 792 974 ἔμοιγε
812 894 868 976 εἴη’
882 915 925 943 --
948 888 1048 952 Gonu.
1086 887 1146 970 176
1172 887 1208 952 B.
1226 881 1382 979 Ἕρμαιον
1410 886 1453 958 dv
1510 950 1519 975 ,

137 995 231 1087 ελήε
212 1015 348 1084 ημῖν..
373 1001 484 1084 ἐμοί
495 1026 530 1093 τε
549 1010 606 1066 καὶ
624 995 850 1091 Ἅριστοδῆμηι

239 1110 275 1172 G.
292 1125 363 1191 219,
386 1109 483 1188 VL4
527 1109 647 1179 Πάντα
668 1110 732 1200 γάρ
754 1116 798 1189 τίς
814 1108 999 1200 οἷναψυχῆν
1013 1107 1239 1197 μεμηχάνηται
1259 1118 1314 1175 καὶ
1335 1108 1451 1199 ῥηστώ-

138 1241 215 1308 νηνῑ
239 1219 376 1304 loquitur
398 1217 437 1283 de
459 1219 623 1303 voluptate
645 1219 827 1303 spectacula
849 1216 1023 1303 spectandi
1066 1219 1117 1284 De
1139 1216 1266 1282 bibendi
1288 1219 1452 1303 voluptate

138 1328 216 1394 Plat
251 1331 281 1393 in
316 1330 416 1394 Conv
456 1332 514 1413 176
542 1329 617 1394 AB:
657 1335 761 1422 ῥηστα
797 1330 1033 1462 πιόμεθηι.
1069 1332 1235 1415 δέομαι
1274 1328 1453 1423 ἀναψυχῆς
1497 1409 1502 1420 Ι

136 1440 284 1521 τινός..
309 1440 650 1532 παρασκευάζεσθαι
675 1440 844 1533 ῥᾳστώνην
865 1439 941 1509 τινά
962 1442 1017 1527 τῆς
1039 1441 1170 1520 πόσεως

239 1553 276 1620 G
300 1568 369 1632 241,
392 1550 479 1627 XVI,
504 1567 530 1634 5
553 1546 922 1661 κδινάμουσοςῆτιςτ
938 1553 1040 1616 Conv.
1062 1548 1232 1633 196E.'⁸
1190 1527 1452 1651 κανάμουσοςῆ

559 1797 591 1817 ,,
664 1736 694 1802 d.
717 1736 924 1804 Phaedrus.

234 1866 359 1931 Locum
381 1864 521 1929 Platonis
535 1863 669 1930 Phaedri
692 1866 861 1931 manifesto
877 1866 1018 1951 sophista
1034 1868 1186 1950 expressit
1201 1865 1237 1929 B.
1256 1878 1324 1948 175,
1352 1866 1388 1928 18
1403 1885 1448 1948 sq.

130 1960 178 2057 εἷς
199 1976 329 2066 μνήμην
352 1972 513 2063 άηικόμην
534 1977 779 2067 Σωκράτους
800 1977 859 2046 τοῦ
880 1985 1114 2063 Σωφρονίσκου·
1157 1975 1279 2060 Ἐξάγει
1292 1974 1356 2067 γάρ
1370 2002 1451 2043 ποτε
1514 2020 1522 2040 .

129 2098 186 2155 καὶ
199 2088 315 2157 τοῦτον
330 2087 448 2172 λόγος
464 2086 513 2178 οἷρ
521 2087 667 2173 χαίοςῙ)
682 2093 740 2157 τοῦ
754 2086 880 2169 άστεος·
895 2098 953 2154 καὶ
968 2097 1043 2174 περὶ
1056 2084 1113 2156 τδν
1123 2084 1258 2156 Ἰλισσδν
1271 2085 1449 2170 οἷφικνοά·

129 2224 225 2283 μενος
246 2193 403 2278 (Ἀττικός
418 2199 455 2265 δὲ
470 2191 562 2279 οὗτος
584 2199 601 2267 ὁ
623 2199 796 2286 ποταμός),
819 2212 992 2291 ψυχροῖς
1015 2215 1078 2265 τοῐ
1084 2227 1098 2279 ς
1121 2195 1270 2267 ὕδασιν
1290 2196 1450 2283 ἐμβάλλει

129 2305 176 2376 cco*
198 2306 278 2377 πόδε
305 2320 360 2376 καὶ
392 2310 458 2377 ἐπὶ
481 2309 560 2403 τιάηι
582 2321 662 2380 τινὶ
691 2311 895 2408 μαλθακῆ
933 2311 1163 2379 κατακλίνεται
1200 2318 1257 2375 καὶ
1290 2307 1449 2397 ψυχάζει·

130 2417 300 2499 πλάτανος
322 2423 358 2489 δὲ
379 2431 436 2488 nai
450 2423 582 2512 δένδρον
604 2419 911 2513 παραιτεηιάκει
932 2431 989 2488 καὶ
1011 2418 1071 2508 τῆν
1085 2420 1179 2489 σκιάν
1201 2418 1311 2500 αὐτοῖς
1334 2416 1448 2488 α’πετέ-
1511 2470 1516 2482 .

130 2532 218 2598 λουν.
262 2536 379 2619 Παρῆν
399 2530 462 2620 γάρ
486 2528 578 2624 αδτιῆ
599 2541 654 2598 καὶ
672 2532 816 2624 Φαῖδρος
839 2530 856 2599 ὁ
878 2532 975 2611 καλδς
996 2543 1126 2610 νεανίας
1142 2542 1196 2598 καὶ
1217 2529 1388 2617 θαυμάζει
1408 2528 1447 2597 τδ

131 2635 231 2720 άλσος
259 2652 315 2709 καὶ
343 2657 415 2722 ταῖς
444 2633 596 2728 Νύμφαις
623 2641 835 2734 προσηύξατο.
890 2643 1071 2726 Sophistam
1104 2644 1226 2705 initium
1261 2637 1395 2705 Phaedri
1418 2641 1449 2704 in

132 2762 242 2815 mente
264 2752 382 2817 habere
403 2756 493 2818 recte
512 2750 644 2818 adnotat
665 2749 890 2831 Boissonedius
913 2764 978 2817 not.
1003 2769 1031 2834 7.

235 2864 271 2953 Β.
296 2881 325 2947 7,
349 2880 368 2945 7
391 2884 437 2948 sq.
482 2861 630 2929 Eundem
646 2865 721 2927 initii
736 2862 870 2928 Phaedri
893 2865 1002 2928 locum
1018 2866 1171 2948 expressit
1186 2865 1216 2927 in
1238 2860 1448 2944 descriptione

131 2971 342 3037 Antiochiae:
364 2970 449 3042 ὅπου
470 2989 625 3065 χαρίεντα
648 2985 704 3041 καὶ
726 2978 875 3062 διαφανῆ
897 2984 952 3041 καὶ
966 2973 1093 3058 πότιμα
1107 2974 1252 3061 νάματα,
1277 2970 1446 3053 πλάτανος

133 3085 171 3150 δὲ
193 3085 298 3171 πολλῆ
320 3095 375 3151 καὶ
388 3083 580 3217 κυπάριττοι
596 3091 724 3165 πλείους
740 3084 938 3172 άμφιλαηοῖς
959 3096 1063 3152 τεκαὶ
1085 3083 1216 3176 δψηλαῑ
1237 3095 1292 3151 καὶ
1306 3083 1449 3175 ὀρνίθων

133 3192 221 3284 ηἷδαι
242 3204 297 3260 καὶ
314 3189 413 3285 αὖραι
434 3225 475 3263 τα
499 3195 635 3282 σώματα
655 3195 892 3288 διαψάχουσαι
937 3197 1135 3278 Quibuscum
1154 3216 1217 3259 corr
1219 3196 1300 3259 feras
1315 3192 1447 3258 Phaedr.

136 3303 309 3384 230B.‘'
288 3336 307 3395 η
329 3334 364 3373 τε
385 3308 449 3398 γάρ
470 3305 698 3397 πλάτανος
659 3307 742 3395 ου’τη
763 3307 841 3392 μάλ’
864 3306 1052 3441 οἷμφιλαηῆς
1073 3334 1108 3373 τε
1129 3316 1182 3375 και
1202 3302 1315 3400 τψηλῆ
1335 3306 1394 3373 τοῦ
1414 3334 1450 3373 τε

132 3413 237 3498 ἄγνου
258 3417 294 3483 τδ
317 3415 405 3509 υψος
426 3427 481 3485 και
496 3418 532 3485 τδ
555 3416 684 3485 σύσκιον
707 3414 941 3500 πάγκαλον..
964 3416 1015 3504 ῆ
1035 3445 1070 3485 τε
1092 3412 1137 3486 αὗ
1151 3444 1237 3506 ττηγη
1254 3413 1448 3508 χαριεστάτη

131 3523 200 3595 υιτδ
221 3532 279 3612 τῆς
301 3525 473 3596 πλατάνου
498 3533 548 3619 ῥεῖ
565 3526 658 3613 μάλα
677 3527 806 3619 ψυχροῦ
828 3526 995 3609 υδατος.
1011 3528 1167 3619 θερινόν
1188 3556 1223 3595 τε
1244 3537 1299 3594 και
1320 3527 1450 3616 λιγυρδν

134 3634 253 3721 ὑπηχεῖ
272 3642 321 3729 τιῆ
340 3644 406 3705 τῶν
428 3650 579 3720 τεττίγων
601 3638 684 3730 χοριῆ
706 3646 738 3701 et
759 3660 790 3721 p.
816 3653 878 3718 229
900 3638 935 3704 B.
959 3652 1111 3728 χαρίεντα
1133 3643 1212 3722 γοῦν
1230 3649 1288 3711 ,καῖ
1309 3637 1446 3724 καθαρά
1547 3675 1551 3684 ·

135 3757 192 3815 καὶ
215 3749 361 3833 διαφανῆ
381 3751 423 3816 τά
445 3748 570 3818 δδάτια
592 3761 753 3834 φαίνεται.

237 3858 272 3924 Β.
295 3875 347 3937 42,
374 3876 420 3937 14
443 3857 531 3923 Idem
559 3858 645 3922 iocus
677 3859 855 3942 respicitur:
885 3859 975 3927 ἔνθα
1003 3872 1131 3950 μετρίας
1160 3874 1316 3927 τε·ττνεῑν
1344 3853 1448 3948 αδρας

134 3970 221 4048 είκδς
247 3980 301 4037 καὶ
322 3967 427 4057 πηγάς
450 3971 608 4057 καθαράς
629 3980 684 4038 καὶ
703 3971 848 4058 διαφανῆ
868 3966 1002 4054 νάματα
1026 3974 1093 4060 ῥεῖν
1114 3996 1156 4021 =
1177 3965 1309 4033 Phaedr.
1328 3985 1389 4048 229
1410 3967 1446 4030 B.

134 4081 203 4146 ἐκεῖ
229 4079 300 4147 οαιά
328 4082 425 4149 τ’ἕστῑ
454 4090 510 4147 καὶ
532 4086 664 4164 πνεῦμα
690 4092 820 4167 μέτριον
844 4132 850 4145 .
876 4133 882 4145 .
907 4129 914 4143 .
937 4091 1092 4171 χαρίεντα
1119 4079 1199 4164 γοῦν
1227 4082 1294 4146 κτλ.
1340 4078 1447 4141 Chori-

135 4192 202 4254 cius
225 4193 304 4256 haec
326 4202 436 4256 nostro
459 4191 529 4255 loco
557 4189 702 4255 transfert
732 4187 773 4253 ad
800 4190 968 4253 beatorum
997 4191 1122 4255 insulas
1168 4190 1353 4253 Coniunctio
1380 4209 1445 4252 ver·

134 4303 250 4365 borum
281 4331 410 4390 πνευμα
432 4314 563 4392 μέτριον
585 4303 681 4365 etiam
704 4302 917 4367 inveniturB.
944 4318 1013 4433 13η,
1036 4300 1100 4380 69)

237 4413 272 4479 B.
296 4415 346 4492 81,
370 4416 398 4477 8.
422 4411 462 4477 de
484 4414 616 4478 Homeri
638 4413 744 4497 poesi:
768 4418 828 4480 εἰσι
784 4413 886 4481 ἰδὲ
909 4410 1104 4504 κυπάριττοι
1118 4409 1221 4504 κάκλω
1244 4419 1300 4477 και
1322 4406 1449 4477 πλάτα-

134 4552 186 4593 νοι
209 4521 363 4595 καλδν(
342 4529 525 4614 υπηχοῦσαι
552 4534 607 4592 και
637 4520 787 4615 ἄκαρπον
812 4524 977 4609 ευθυμίαν
999 4520 1183 4607 εἰσάγουσαι
1204 4522 1249 4615 τῷ
1269 4533 1447 4611 κεκτημίνω

133 4632 196 4702 τόν
217 4638 330 4727 χῶρον.
375 4633 462 4699 Idem
486 4635 573 4700 locus
596 4636 772 4701 imitatione
794 4636 985 4720 exprimitur.

238 4805 510 4871 nmmnm

236 4889 257 4959 η
275 4891 312 4942 cr.
330 4892 355 4941 11
372 4890 390 4960 η
409 4901 432 4953 7.
