3542 5634
674 510 886 569 ..59-

214 695 243 758 E
266 694 507 757 Timarchea
530 692 608 758 duas
632 695 717 780 leges
737 693 860 759 Atticas
884 696 998 770 citavit,
1020 705 1083 757 tres
1106 693 1193 757 locos
1216 694 1348 758 fortasse
1370 693 1439 758 imi-

17 894 21 899 *
111 817 199 872 tatus
222 816 280 872 est.

13 2288 14 2297 .
112 2254 208 2315 huius
230 2250 345 2337 dialogi
369 2252 456 2315 locos
479 2271 553 2315 suos
577 2252 658 2332 fecit,
683 2250 739 2316 sed
762 2255 858 2317 etiam
881 2255 961 2317 tales
984 2256 1147 2338 expressit,
1172 2253 1282 2338 quales
1314 2255 1443 2317 minime
1555 2251 1558 2256 ’

216 919 268 981 Ex
301 918 443 980 oratione
477 913 522 979 de
556 917 659 980 falsa
692 917 903 1002 legatione
935 938 1035 981 unum
1070 917 1176 982 locum
1211 919 1298 994 citat,
1340 938 1440 980 unum

112 1028 300 1112 exemplum
323 1028 424 1093 affert.

216 1128 248 1205 E*
287 1141 586 1224 Ctesiphontea
624 1139 747 1203 nullum
787 1140 893 1203 locum
927 1141 1041 1203 inveni.
1090 1140 1216 1204 Tamen
1249 1162 1323 1205 eum
1359 1142 1441 1204 hanc

112 1256 293 1317 orationem
316 1253 443 1315 novisse
466 1250 629 1334 probabile
653 1261 710 1315 est.
756 1251 802 1314 Cf.
827 1273 856 1335 p.
886 1269 918 1314 11
947 1272 1021 1314 cum
1043 1260 1120 1314 nota
1146 1268 1170 1314 1.

216 1363 366 1447 Magnam
401 1359 634 1425 multitudinem
668 1364 936 1426 Platonicorum
967 1362 1110 1425 locorum
1143 1361 1229 1448 apud
1260 1363 1440 1427 Choricium

115 1477 307 1540 invenimus.
689 1462 692 1468 ’

215 1586 239 1649 Ι.
263 1583 534 1668 Reipublicae
556 1583 746 1657 Platonicae,
771 1605 867 1668 quem
892 1582 1054 1670 dialogum
1088 1587 1329 1670 quibuscunque
1362 1597 1442 1649 tem·

112 1699 243 1783 poribus
259 1697 350 1760 Plato
374 1697 517 1780 cognitus
533 1704 608 1772 erat,
634 1697 778 1759 omnium
803 1696 1043 1765 lectatissimum
1068 1697 1162 1760 luisse
1185 1707 1317 1773 constat,
1346 1700 1442 1761 etiam

113 1810 278 1873 Choricius
303 1808 478 1870 maximam
502 1827 634 1890 operam
658 1804 750 1870 dedit.
796 1806 979 1871 Invenimus
1002 1809 1086 1871 enim
1107 1809 1200 1871 huius
1220 1806 1334 1893 dialogi
1354 1810 1442 1892 quin-

112 1941 178 2004 que
211 1919 299 1982 locos
330 1918 517 1981 aChoricio
553 1898 676 2006 citatos,
710 1941 728 1982 e
758 1920 872 2002 quibus
905 1939 1006 1982 unum
1038 1921 1174 1983 Socratis
1211 1922 1271 1983 sub
1303 1921 1443 1985 nomine.

112 2031 224 2115 Atque
255 2049 422 2112 expressos
456 2028 542 2092 locos
577 2032 755 2093 invenimus
791 2028 947 2114 undecim,
978 2053 996 2094 e
1026 2033 1140 2114 quibus
1173 2011 1274 2094 unum
1301 2031 1396 2115 (Rep.
1419 2032 1442 2108 I,

114 2158 179 2221 330
189 2139 307 2221 D—E)
329 2141 495 2224 quinquies
518 2138 727 2205 adumbravit.
772 2140 884 2225 Neque
914 2142 1021 2206 solum
1045 2144 1216 2206 sententias
1244 2142 1443 2226 illustresque

112 2375 334 2448 expectemus:
373 2365 569 2426 narrationes
609 2385 665 2447 per
704 2367 918 2449 metaphrasin
962 2387 1002 2430 ex
1041 2367 1185 2428 Homero
1226 2363 1439 2430 adumbratas.

13 2546 14 2553 ἵ
114 2475 167 2551 (F.
193 2476 263 2551 208,
288 2491 344 2554 213
367 2474 400 2540 F.
426 2476 496 2551 228,
521 2479 584 2555 31).
630 2476 836 2540 Elocutiones
859 2479 952 2540 huius
975 2476 1091 2561 dialogi
1114 2478 1254 2561 proprias
1277 2498 1334 2539 sex
1356 2473 1442 2560 apud

13 2630 14 2667 3
115 2586 299 2649 Choricium
323 2586 438 2650 inveni.

218 2696 253 2763 Π,
278 2696 333 2760 De
357 2696 514 2781 legibus
537 2695 745 2782 dialogum
769 2698 870 2761 multo
894 2700 997 2761 minus
1020 2701 1165 2783 respexit,
1189 2697 1221 2762 id
1242 2696 1330 2782 quod
1356 2695 1442 2760 haud

13 2860 14 2871 .
115 2810 276 2875 miramur.
308 2808 528 2872 'inveniuntur
560 2830 642 2872 unus
676 2809 763 2872 locus
792 2811 921 2886 citatus,
953 2832 1035 2875 unus
1067 2813 1241 2874 imitatione
1264 2830 1440 2892 expressus

116 2931 240 3004 septem
263 2920 466 2984 elocutiones.

217 3030 267 3094 III.
293 3031 439 3094 Convivii
453 3052 554 3094 unum
571 3031 677 3095 locum
694 3030 809 3095 indicat
826 3035 884 3097 sub
908 3035 1038 3097 nomine
1061 3038 1218 3102 παλαιῶν
1239 3034 1351 3117 λόγων,
1376 3054 1440 3116 quo

115 3144 181 3206 sere
209 3141 377 3205 Platonem
407 3141 568 3227 significat.
624 3142 792 3207 Praeterea
826 3153 889 3208 tres
923 3145 1011 3208 locos
1035 3143 1108 3209 inde
1132 3156 1217 3209 certe
1240 3143 1442 3208 adumbravit

14 3232 16 3325 f
115 3263 148 3317 et
172 3263 308 3337 quatuor
330 3252 526 3317 elocutiones
549 3254 668 3337 petivit.
777 3298 780 3303 »

14 3588 23 3687 l

216 3363 271 3429 IV.
294 3361 459 3427 Phaedri
471 3364 594 3427 initium
610 3365 709 3427 semel
721 3368 803 3442 citat,
816 3367 918 3429 sexies
935 3368 1073 3430 imitatus
1085 3378 1141 3430 est.
1166 3368 1293 3431 Praeter
1304 3368 1365 3430 hoc
1379 3377 1442 3430 tres
1461 3410 1466 3418 ·

122 3475 210 3539 locos
234 3476 388 3558 expressit
410 3485 441 3537 et
463 3485 526 3538 tres
550 3474 746 3540 elocutiones
769 3498 842 3540 suas
865 3478 947 3541 fecit.

219 3587 258 3650 V.
282 3587 311 3650 E
334 3587 480 3671 Gorgia
502 3584 567 3650 duo
591 3585 733 3651 adhibuit
756 3590 914 3673 exempla,
938 3600 1001 3654 tres
1018 3591 1105 3654 locos
1123 3592 1260 3675 imitatus
1284 3602 1339 3666 est,
1355 3593 1445 3675 quin·

14 3702 15 3743 l
120 3720 184 3784 que
207 3698 402 3762 elocutiones
424 3699 545 3782 petivit.

14 3936 16 4005 l

15 4938 26 4979 i

15 5072 17 5125 i

220 3808 273 3873 VI.
296 3806 520 3872 Phaedonis
537 3829 640 3871 unum
656 3809 762 3874 Iocum
786 3812 873 3889 citat,
897 3834 997 3876 unum
1022 3814 1127 3877 locum
1151 3835 1208 3898 per
1239 3815 1444 3899 paraphrasin

122 3918 248 3984 videtur
270 3929 418 3983 mutasse.
878 3982 881 3989 ,

220 4031 288 4096 VII.
311 4032 362 4095 Ex
384 4021 681 4115 Euthyphrone
703 4054 802 4096 unum
827 4034 932 4098 locum
958 4038 1041 4099 citat.

220 4142 301 4209 VIII.
325 4143 376 4206 Ex
399 4141 604 4229 Apologia
626 4158 724 4207 unum
754 4144 859 4208 locum
882 4148 1021 4211 imitatus
1044 4159 1099 4212 est.

113 4304 117 4312 .
183 4240 188 4250 ⁹
225 4254 281 4318 IX.
305 4255 356 4317 Ex
380 4253 547 4320 Critone
569 4277 670 4320 unum
693 4258 800 4321 locum
824 4258 966 4321 imitatus
988 4268 1044 4322 est.

223 4365 263 4431 X.
286 4367 337 4430 Ex
358 4366 530 4432 Philebo
553 4389 654 4431 unum
678 4369 784 4432 citavit
808 4368 924 4444 locum,
947 4389 1049 4432 unum
1072 4370 1208 4433 sortasse
1225 4371 1363 4433 imitatus
1386 4379 1443 4445 est,

125 4499 224 4542 unam
248 4479 380 4543 fortasse
403 4480 615 4543 elocutionem
638 4481 757 4564 petivit.
889 4566 893 4575 .

223 4589 279 4654 XI.
304 4592 355 4655 Ex
377 4577 528 4675 Lyside
550 4613 649 4656 unam
672 4592 884 4656 elocutionem
916 4593 1056 4676 sumpsit.

226 4700 297 4768 XII.
312 4702 525 4768 Timaeum
542 4704 722 4767 Choricium
739 4689 927 4788 cognovisse
941 4714 971 4767 et
987 4725 1027 4767 ex
1049 4724 1114 4767 uno
1131 4704 1210 4780 loco,
1227 4722 1293 4787 quo
1308 4703 1444 4766 Platoni-

125 4814 297 4877 camillam
310 4817 423 4878 miram
436 4813 476 4878 de
495 4817 659 4878 hominum
677 4825 789 4878 natura
803 4813 981 4879 doctrinam
997 4817 1174 4898 respexisse
1191 4813 1323 4890 videtur,
1350 4827 1381 4879 et
1404 4837 1444 4878 ex

123 4945 189 4988 una
211 4925 393 4990 elocutione
417 4947 458 4989 ex
480 4927 542 4988 hoe
564 4922 692 5010 dialogo
714 4937 842 5010 sumpta
863 4926 975 4990 elucet.
