3542 5634
867 499 1080 557 ..30-

315 681 375 760 τάς
391 683 427 749 δὲ
441 679 625 769 θρηνούσας
638 681 806 766 ἐξέπεμψε
826 698 990 765 γυναῖκας,
1013 685 1091 764 ,ἵνα
1106 680 1149 767 μῆ
1173 679 1335 749 τοιαῦταί(
1355 692 1441 767 φησὶ,
1463 685 1630 766 ,πλημμε-

320 790 441 860 λοῖεν.“
476 791 522 856 Cl.
539 799 604 855 not.
624 804 652 872 5.
675 788 791 855 Phaed.
818 806 875 873 117
891 789 933 855 D.
948 792 1065 870 ἐκεῖνος
1080 793 1115 859 δὲ
1132 791 1349 883 (Σωκράτης),
1374 793 1448 874 Οἷα,
1470 793 1541 878 ἔφη,
1564 818 1635 858 ποι-

255 912 259 917 “
315 919 387 985 εῖτε,
412 893 442 968 οῗ
461 901 657 987 θανμάσιοι,
684 901 746 985 ἐμοὶ
769 912 880 986 μέντοι
903 900 963 988 οὐχ
983 897 1098 986 ῆκιστα
1127 900 1241 972 τούτου
1267 910 1361 972 ἕνεκα
1390 902 1449 981 τάς
1474 918 1632 985 γυναῖκας

317 1009 519 1098 ἀπέπεμψα,
542 1017 611 1082 ἵνα
632 1014 682 1099 μῆ
704 1018 877 1082 τοιαῦτα
900 1010 1212 1099 πλημμελοῖενθ)

414 1123 450 1189 Β.
475 1139 545 1203 231,
568 1136 595 1190 2.
615 1116 678 1193 Ἠν
698 1125 761 1214 yolo
783 1122 884 1193 αἰτδν
906 1124 1063 1192 ἐντεῦθεν
1089 1126 1278 1207 λογίζεσθαι
1307 1134 1362 1191 καὶ
1382 1138 1553 1199 σκοπεῖν,
1586 1119 1631 1200 οἷς

315 1232 460 1317 ἀλογία
483 1233 612 1322 πολλῆ
636 1233 692 1302 τδν
714 1246 843 1323 πατέρα
865 1242 927 1319 μὲν
948 1230 1142 1303 ἀποκτεῖναι
1163 1236 1224 1321 τῆν
1257 1237 1364 1303 παῖδα
1394 1235 1528 1321 καὶζῆν
1560 1248 1633 1310 ταῖς
1710 1264 1712 1269 ·

318 1342 423 1413 αὐτοῦ
454 1353 562 1434 χερσὶν
593 1344 812 1432 ἒσφαγμένην,
850 1343 975 1414 αάτδν
1007 1346 1051 1412 δὲ
1072 1343 1251 1430 ἀφειδῶς
1284 1346 1394 1431 ἔχειν
1429 1349 1500 1412 τοῦ
1531 1348 1632 1423 βίον,

316 1453 477 1537 Respexit,
498 1463 533 1516 ut
555 1455 675 1537 opinor,
698 1453 836 1518 Platonis
858 1452 935 1518 illud
962 1453 1002 1518 de
1024 1456 1133 1517 mortis
1157 1455 1285 1518 timore:
1318 1451 1438 1519 Phaed.
1459 1453 1500 1534 67
1523 1451 1561 1515 E.
1595 1454 1633 1519 έκ

316 1565 420 1633 τοῖνδε
453 1563 608 1632 σκόπει.
642 1570 673 1631 εἰ
691 1565 755 1655 γάρ
778 1566 1014 1654 διαβέβληνται
1028 1572 1090 1650 μὲν
1112 1570 1270 1663 πανταχῆ
1284 1570 1330 1657 τῷ
1344 1564 1480 1650 σώματι,
1504 1564 1634 1649 αὐτην

312 1676 358 1741 δὲ
379 1680 473 1741 καθ’
496 1673 622 1762 αδτῆν
643 1677 905 1760 ἐπιθυμοῦσι
926 1676 998 1763 τῆν
1028 1673 1159 1762 ψυχῆν
1185 1675 1315 1762 ἔχειν,
1338 1674 1451 1745 τούτου
1474 1678 1509 1743 δέ
1529 1704 1631 1760 γιγνο·

314 1797 412 1868 μένου
434 1792 465 1853 εἰ
485 1792 636 1871 φοβοῖντο
657 1797 712 1852 καὶ
735 1784 960 1869 ἀγανακτοῖεν,
983 1785 1022 1855 οὗ
1048 1786 1174 1874 πολλῆ
1198 1784 1242 1854 ἀν
1264 1782 1409 1870 ἀλογία
1442 1791 1500 1874 εἴη,
1528 1793 1558 1853 εἰ
1582 1787 1627 1875 μῆ

230 1924 235 1934 ·
313 1892 447 1980 ἄσμενοι
476 1898 576 1965 ἐκεῖσε
601 1900 683 1965 ἴοιεν
715 1900 780 1963 κτλ.
814 1906 845 1960 et
871 1897 912 1959 68
934 1895 966 1960 A
990 1952 996 1963 .
1022 1951 1028 1963 .
1053 1947 1059 1958 .
1083 1895 1104 1983 ῆ
1132 1895 1355 1986 ἀνθρωπίνων
1380 1904 1441 1981 μὲν
1463 1899 1630 1965 παιδικῶν

314 2012 369 2072 καὶ
406 2012 571 2088 γυναικοῖν
602 2017 658 2073 καὶ
690 2012 785 2075 υἱέων
818 2005 1064 2076 ἀποθανόντων
1096 2009 1208 2075 πολλοὶ
1242 2007 1280 2091 δῆ
1314 2004 1439 2085 ἑκόντες
1460 2006 1630 2096 ῆθέλησαν

314 2122 358 2193 εἰς
397 2118 502 2184 Αἴδου
541 2118 661 2185 ’ἐλθεῖν
708 2119 773 2183 κτλ.
838 2118 1044 2202 Quamquam
1090 2117 1201 2201 plane,
1247 2128 1282 2180 ut
1333 2138 1382 2181 res
1429 2118 1630 2201 postulabat,

313 2226 452 2289 Platonis
475 2228 663 2291 sententiam
686 2229 830 2304 mutavit,
853 2237 962 2292 tamen
984 2237 1016 2292 et
1037 2228 1132 2292 totius
1164 2229 1339 2292 sententiae
1371 2237 1402 2290 et
1433 2228 1630 2313 singulorum

313 2337 490 2401 verborum'
518 2339 664 2420 quamvis
694 2358 750 2422 per
780 2340 984 2422 paraphrasin
1017 2349 1212 2402 mutatorum
1250 2335 1419 2402 similitudo
1458 2337 1547 2403 facile
1579 2360 1631 2403 co·

315 2448 484 2531 gnoscitur.

414 2558 577 2642 Perpauca
609 2560 743 2624 Choricii
774 2581 815 2623 ex
844 2562 906 2624 hoc
934 2558 1061 2646 dialogo
1083 2569 1210 2643 sumpta
1236 2561 1336 2625 attuli.
1366 2561 1521 2624 Attamen
1556 2562 1631 2623 satis

314 2666 531 2733 demonstrare
553 2670 605 2733 illa
628 2668 722 2733 credo
745 2692 821 2734 eum
851 2673 1012 2754 sophistae'
1039 2685 1151 2735 notum
1183 2671 1286 2736 luisse.
1318 2671 1456 2743 'Tamen
1483 2667 1631 2733 videmus

314 2799 389 2843 eum
422 2781 645 2844 immemorem
683 2782 774 2845 huius
811 2779 943 2866 dialogi:
988 2782 1023 2846 B.
1050 2768 1119 2859 181,
1141 2800 1171 2861 4.
1211 2778 1284 2849 ἀλλ’
1318 2781 1386 2850 οἷον
1417 2791 1474 2849 καῖ
1499 2780 1628 2872 Σωκρά-

312 2916 370 2975 την
392 2895 422 2954 ol
446 2892 586 2975 ζηλωταὶ
608 2891 866 2982 περιεστήκεσαν,
890 2888 946 2960 ὅτε
967 2895 1044 2983 πρδ
1071 2891 1174 2985 ὥρας
1202 2896 1487 2980 Λαμπροκλῆς
1518 2888 1633 2980 ἀνηρ-

313 3000 479 3078 πάζετο.
526 3006 746 3092 Λαμπροκλῆς
771 3009 832 3089 μὲν
854 2995 914 3071 οὖν
935 3003 984 3070 ἔτι
1005 3018 1085 3084 παῖς
1106 2997 1148 3093 ῆν
1169 3014 1225 3071 καὶ
1245 3003 1398 3093 λαμπρδν
1419 3003 1505 3086 εἶχεν
1526 2999 1632 3082 οὐδέν,

300 3113 363 3196 ,ἐφ’
385 3102 413 3203 qi
434 3122 488 3177 καὶ
511 3110 680 3201 Σωκράτης
702 3110 741 3181 οὗ
763 3112 853 3181 πάνν
874 3141 908 3180 τι
930 3111 974 3182 ἀν
996 3119 1069 3193 ἴσως
1095 3114 1240 3204 ἤλγησεν,
1264 3109 1300 3192 ‘lg
1320 3140 1356 3196 γε
1378 3123 1434 3178 καῖ
1464 3109 1567 3188 ἄλλως
1596 3094 1633 3175 ἐκ

316 3225 502 3307 φιλοσοφίας
525 3223 653 3312 ἔρρωτο.
698 3224 878 3306 Sophistam
902 3224 963 3286 hoc
985 3224 1057 3288 loco
1079 3223 1176 3288 alium
1198 3234 1362 3289 auctorem
1391 3220 1514 3306 sequi2)
1534 3229 1631 3303 atque

314 3331 483 3396 Platonem
506 3334 569 3396 iarn
591 3332 815 3398 Boissonadius
837 3331 1012 3399 adnotavit.

818 3508 847 3570 g.
871 3487 1126 3571 Euthyphr0.

415 3596 465 3659 Ex
489 3596 717 3681 Euthyphrone
739 3597 798 3659 sub
820 3596 959 3660 Platonis
989 3599 1119 3661 nomine
1142 3599 1216 3660 citat
1238 3597 1356 3660 locum.
1466 3646 1470 3655 .

413 3706 448 3771 B.
474 3721 545 3785 204,
568 3722 596 3787 7.
644 3705 693 3775 Ου’
714 3705 778 3797 γάρ
800 3700 838 3775 εδ
859 3734 916 3791 μοι
937 3708 1025 3774 δοκεῖ
1046 3706 1064 3774 δ
1088 3706 1301 3786 Πλάτωνος
1323 3703 1557 3794 Εὐθύφρων
1577 3731 1632 3770 πε-

313 3828 481 3905 ποιηκέναι
504 3817 606 3905 ἀτελῆ
628 3814 781 3908 περιῖδιδν
800 3814 860 3885 τδν
882 3816 979 3901 λόγον
1001 3819 1097 3895 εἶναι,
1120 3816 1157 3886 δν
1184 3818 1266 3908 ὑπὲρ
1288 3818 1347 3886 τοῦ
1367 3812 1395 3901 δ’,
1416 3844 1448 3883 τι
1475 3823 1555 3883 ποτὲ
1583 3820 1632 3903 εἴη

312 3923 350 3994 τδ
374 3921 464 3996 δσιον
485 3926 604 4027 διεξῄει
626 3925 672 4019 τῷ
695 3933 928 4017 Σωφρονίσκου.
974 3936 1038 3995 Καὶ
1067 3927 1165 4007 ,,οἶα“
1194 3928 1256 4016 ἔφη
1286 3944 1420 4006 ,,ποιεῖς,
1451 3921 1477 3993 ἀ
1508 3932 1615 4013 ἑταῖρε
1622 3956 1632 4005 ,-

312 4039 443 4123 κέλοιον
463 4039 527 4128 γάρ
551 4034 664 4117 ἀτελὲς
685 4039 770 4105 εἶναι
786 4038 967 4130 δημιουργῷ
989 4041 1219 4128 φιλοτέχνημα.
1244 4038 1290 4102 Cf.
1306 4038 1400 4102 Euth.
1427 4033 1631 4118 15C-16A.

833 4191 864 4255 h,
886 4189 1112 4277 Apologia.

413 4328 449 4393 B.
474 4344 545 4411 225,
573 4345 619 4393 12.
667 4327 854 4398 Τοιαῦτα
881 4339 937 4395 καὶ
966 4336 1042 4396 θεοῖ
1064 4327 1221 4409 πολλάκις
1248 4330 1284 4397 ἐν
1312 4346 1383 4408 ταῖς
1405 4339 1634 4413 μαντείαις,

313 4447 343 4508 εἰ
361 4439 471 4509 πολλά
494 4439 767 4511 έπιτάττοοσι
789 4440 994 4531 πράττειν
1015 4436 1212 4529 ἀνθρώποις
1235 4492 1241 4503 .
1266 4486 1274 4504 .
1299 4488 1305 4499 .
1328 4437 1424 4523 ΑροΙ.
1450 4457 1489 4519 33
1504 4438 1538 4501 C.
1561 4438 1635 4521 ἐμοὶ

316 4552 353 4618 δὲ
373 4558 565 4623 τοῦτο...
590 4566 895 4644 προστέτακται
916 4547 983 4620 inl
999 4551 1059 4619 τοῦ
1074 4555 1159 4620 θεοῦ
1181 4548 1387 4641 πράττειν
1408 4562 1463 4617 καὶ
1485 4551 1521 4616 ἐκ
1543 4575 1634 4632 μαν-

310 4677 431 4734 τεῖων.
478 4664 584 4729 Facile
605 4664 697 4728 Plato
720 4664 930 4749 cognoscitur.
1254 4665 1258 4671 ’

418 4838 438 4900 ¹)
456 4836 494 4885 Cf.
514 4835 584 4885 Stob.
606 4834 693 4897 CXX,
714 4847 755 4898 32.

411 4921 435 4986 ²)
454 4920 555 4970 Scilicet
570 4920 703 4970 Themistii
720 4937 755 4971 or.
772 4920 870 4970 XXXII
888 4936 913 4983 p.
925 4931 989 4982 430:
1007 4909 1062 4969 οὔτ’
1081 4911 1120 4968 ἀν
1137 4912 1277 4983 Σωκράτει
1296 4911 1356 4987 πρδ
1376 4907 1466 4986 (δρας
1482 4910 1639 4977 ἐτελεύτησε
1709 4968 1711 4971 ,
1750 4925 1757 4930 ’

307 5004 497 5078 Λαμπροκλῆς,
516 5014 543 5054 ut
560 5007 706 5056 Foerstcrus
733 5020 831 5054 mecum
848 4999 1047 5054 communicavit
1084 5003 1123 5051 Cf.
1146 5002 1211 5051 Plut.
1235 5002 1267 5051 de
1284 5017 1342 5065 gen.
1359 5002 1428 5054 Socr.
1444 5015 1486 5055 21.
