3542 5634
876 511 1088 570 ..60-

411 695 514 758 Minus
540 706 626 760 certa
647 703 835 781 argumenta
862 696 1086 760 nonnullorum
1110 694 1244 759 aliorum
1272 694 1469 783 dialogorum
1500 698 1656 762 invenire
1767 772 1768 779 ἵ

327 815 430 898 potui:
454 813 583 889 Politici,
607 815 732 900 Cratyli,
755 811 958 890 Parmenidis,
981 815 1186 898 Protagorae,
1209 814 1357 897 Theagis,
1387 813 1565 897 Sophistae,
1591 812 1656 876 Al-

328 924 456 991 cibiadis
479 925 619 1006 secundi,
643 925 851 1011 Epinomidis.
896 927 975 990 Loci
1002 929 1115 990 horum
1138 924 1336 1010 dialogorum
1365 927 1570 989 inveniuntur
1594 935 1657 990 aut

323 1042 485 1104 nonsatis
516 1040 632 1105 similes
663 1051 718 1104 aut
747 1041 878 1103 nonita
900 1038 1024 1102 illorum
1048 1039 1172 1123 proprii,
1204 1047 1239 1101 ut
1269 1058 1310 1102 ex
1340 1038 1384 1101 eis
1416 1035 1535 1123 aliquid
1571 1040 1657 1102 certi
1768 1080 1769 1123 3

324 1149 365 1218 ad
387 1162 529 1216 nostram
552 1153 772 1235 quaestionem
799 1144 880 1215 effici
904 1151 1009 1234 possit.

417 1264 554 1353 *Praeter
576 1291 672 1353 hosce
696 1289 782 1352 locos
805 1288 895 1353 attuli
916 1286 1085 1351 nonnullas
1115 1285 1294 1350 Platonicas
1325 1287 1526 1363 elocutiones,
1559 1309 1659 1372 quae

324 1402 354 1465 in
377 1401 517 1485 pluribus
539 1398 670 1483 dialogis
693 1409 826 1464 exstant.

424 1538 641 1616 Thucydidis
665 1539 723 1601 sub
746 1539 875 1600 nomine
898 1537 1020 1601 nullum
1052 1538 1157 1601 locum
1187 1533 1272 1620 apud
1303 1536 1480 1599 Choricium
1511 1537 1658 1599 citatum

328 1650 515 1715 invenimus
560 1646 623 1712 Sed
644 1658 753 1713 tamen
775 1650 913 1733 respexit
936 1669 1009 1711 eum
1035 1646 1149 1725 decies
1173 1658 1309 1731 quatuor
1331 1648 1479 1730 exempla
1500 1645 1658 1725 laudans,

324 1780 381 1825 sex
403 1762 490 1824 locos
513 1762 648 1836 imitans,
672 1758 758 1824 haud
780 1751 900 1843 paucas
923 1780 1019 1824 voces
1041 1770 1140 1843 atque
1163 1759 1359 1823 elocutiones
1382 1760 1479 1822 transi
1502 1780 1657 1823 sumens.
1769 1758 1770 1773 ²

425 1899 491 1961 Sub
521 1898 689 1960 Herodoti
719 1898 848 1960 nomine
882 1900 951 1981 ipso
985 1905 1033 1961 ter
1067 1897 1154 1960 locos
1190 1899 1280 1973 citat,
1310 1897 1475 1980 quinquies
1504 1893 1545 1958 ad
1574 1898 1658 1959 eius

324 2011 544 2073 auctoritatem
571 2017 733 2092 provocat.
763 2008 938 2092 Exempla
968 2031 1009 2072 ex
1031 2006 1197 2073 Herodoto
1227 2009 1360 2090 sumpsit
1390 2017 1474 2070 certe
1511 2016 1586 2069 octo
1621 2017 1659 2071 et
1770 2051 1771 2066 r

324 2131 448 2204 praeter
469 2121 548 2183 haec
570 2140 671 2182 uuum
695 2120 829 2183 fortasse
850 2118 901 2202 (Β.
930 2137 997 2199 142,
1032 2118 1093 2203 ιο).
1140 2119 1220 2182 Tres
1244 2119 1331 2183 locos
1353 2116 1554 2182 Herodoteos
1575 2120 1658 2181 imi·

323 2241 406 2295 tatus
437 2239 492 2296 est.
557 2230 728 2294 Praeterea
762 2239 824 2294 tres
858 2229 1061 2295 Herodoteae
1102 2231 1297 2294 elocutiones
1337 2227 1422 2313 apud
1461 2229 1657 2292 Choricium

323 2352 457 2407 exstant.
503 2342 602 2426 Magis
623 2343 715 2425 igitur
738 2342 768 2404 in
791 2342 948 2427 exemplis
972 2363 1069 2427 quam
1093 2344 1124 2405 in
1147 2344 1309 2406 sententiis
1331 2349 1363 2405 et
1391 2335 1527 2405 dictione
1541 2341 1658 2404 Hero·

325 2451 389 2516 doti
413 2450 552 2515 studium
576 2453 720 2517 cernitur.
1676 2444 1678 2447 ’

424 2588 735 2666 EXenophonteis
769 2590 918 2672 operibus
952 2589 978 2653 C
986 2588 1258 2674 yropaediam
1281 2611 1378 2652 unam
1408 2590 1547 2673 sophista
1569 2610 1657 2674 cog-

324 2701 450 2763 novisse
466 2697 597 2763 videtur.
620 2700 649 2762 E
663 2720 727 2783 qua
742 2720 842 2762 unum
858 2700 966 2763 locum
984 2702 1099 2782 citavit,
1116 2698 1181 2764 duo
1197 2701 1346 2784 exempla
1360 2701 1480 2783 petivit,
1496 2710 1543 2762 ter
1556 2699 1657 2764 locos

324 2820 418 2886 certe,
441 2813 490 2874 bis
507 2813 609 2874 minus
625 2821 710 2874 certe
726 2812 887 2894 expressit,
911 2819 1023 2894 quater
1039 2812 1235 2875 elocutiones
1253 2811 1390 2874 imitatus
1406 2821 1462 2874 est.
1497 2810 1656 2875 Aliorum

324 2941 458 3005 operum
474 2922 596 2985 nullum
612 2923 717 2985 inveni
733 2921 853 2998 locum,
872 2920 903 2985 id
918 2919 1005 3005 quod
1020 2943 1084 2985 non
1096 2920 1281 2985 mirandum
1292 2942 1366 2985 'esse
1382 2932 1469 3006 put0,
1492 2923 1657 3006 quoniam

327 3031 559 3117 Cyropaediam
581 3035 725 3096 omnium
748 3031 1061 3117 Xenophonteorum
1084 3054 1217 3118 operum
1240 3031 1326 3117 apud
1348 3035 1535 3117 posteriores
1558 3033 1657 3097 lecti·

324 3145 514 3207 tatissimum
538 3143 633 3207 luisse
655 3145 781 3209 scimus.

429 3284 619 3345 Homerica
648 3291 696 3345 tot
723 3280 807 3365 apud
836 3282 1015 3345 Choricium
1046 3283 1255 3358 inveniuntur,
1285 3292 1320 3345 ut
1347 3280 1470 3367 singula
1497 3281 1656 3365 colligere

325 3403 422 3476 atque
444 3390 585 3476 digerere
606 3390 844 3476 supersederim.

430 3530 575 3592 Hesiodi
596 3522 869 3613 Theogoniae
892 3538 955 3590 tres
978 3526 1069 3589 locos>
1088 3529 1228 3612 sophista
1250 3530 1396 3610 respexit,
1420 3528 1590 3610 Operum
1617 3540 1656 3594 et

328 3640 491 3703 Dierum
515 3649 587 3714 tres,
610 3649 645 3702 ut
667 3640 744 3702 haec
775 3658 873 3722 opera
897 3638 1043 3701 Choricio
1067 3639 1193 3721 cognita
1223 3637 1318 3701 luisse
1341 3647 1461 3702 certum
1491 3639 1538 3700 sit.

431 3779 625 3853 Aeschylea
647 3795 810 3859 perpauca
832 3771 918 3857 apud
941 3773 1122 3836 Choricium
1146 3775 1260 3836 inveni.
1315 3774 1654 3858 Cboephororum

329 3907 429 3949 unum
452 3884 587 3949 indicavi
609 3885 724 3960 locum,
754 3880 970 3947 Eumenidum
1000 3904 1109 3958 unum,
1139 3883 1321 3947 Promethei
1349 3907 1448 3949 unum
1480 3906 1543 3948 non
1571 3888 1655 3950 satis

210 4080 214 4087 .
331 4007 461 4061 certum.
505 3996 629 4059 Locum
646 3994 780 4071 fabulae,
797 4016 879 4078 quae
903 3995 1078 4058 inscribitur
1093 3995 1222 4077 Septem
1246 4006 1356 4058 contra
1377 3996 1506 4061 Thebas
1531 3994 1577 4075 (B.
1596 4000 1654 4076 38,

334 4125 465 4171 10—11
491 4135 534 4161 =
561 4109 648 4201 Ξερὶἶ
679 4104 752 4190 578)
786 4127 827 4171 ex
860 4108 920 4170 hac
947 4103 1111 4191 tragoedia
1146 4107 1213 4190 ipsa
1245 4128 1429 4190 expressum
1466 4127 1535 4171 esse
1571 4109 1654 4174 mihi

332 4217 461 4303 quidem
484 4239 548 4282 non
571 4220 730 4302 probatur.

432 4366 647 4440 Sophocleae
669 4364 807 4426 Aiacis
830 4360 895 4426 duo
919 4362 978 4426 loci
1001 4360 1087 4446 apud
1109 4363 1290 4427 Choricium
1320 4373 1454 4439 exstant,
1486 4365 1538 4448 qui
1562 4377 1655 4430 certe

331 4496 371 4538 ex
395 4475 474 4538 illius
497 4476 600 4538 verbis
630 4475 770 4556 expressi
799 4475 871 4567 sint.¹
919 4473 1012 4536 Hanc
1043 4471 1171 4556 quidem
1205 4472 1401 4559 tragoediam
1431 4477 1460 4537 ei
1487 4477 1654 4559 cognitam

331 4585 426 4648 luisse
459 4605 499 4647 ex
532 4584 589 4647 illis
622 4605 687 4646 non
718 4585 877 4668 probatur.
934 4583 1040 4647 Facile
1075 4585 1160 4647 enim
1197 4606 1252 4648 eos
1289 4607 1329 4649 ex
1360 4585 1564 4670 gnomologia
1597 4588 1655 4651 vel

331 4695 514 4779 anthologia
553 4695 660 4777 aliqua
700 4714 892 4779 cognoscere
932 4703 963 4756 et
1003 4694 1114 4757 imitari
1155 4697 1266 4777 potuit.
1327 4696 1362 4759 ln
1399 4697 1526 4759 Stobaei
1563 4699 1656 4763 enim

330 4806 491 4890 florilegio,
515 4802 601 4888 quod
624 4804 740 4868 multos
763 4805 849 4868 locos
873 4825 892 4866 a
914 4803 1060 4868 Choricio
1083 4802 1228 4869 laudatos
1250 4807 1387 4883 exhibet,
1410 4806 1452 4870 illi
1474 4807 1534 4870 loci
1562 4808 1655 4871 inve-

331 4918 468 4988 niuntur.
514 4912 578 4988 Sed
599 4916 795 4988 Electrae
818 4935 946 5000 quoque
970 4914 1077 4979 locum
1099 4913 1185 4998 apud
1204 4915 1385 4982 Choricium
1407 4918 1587 4981 invenimus
1610 4920 1658 4985 ita
