3542 5634
690 498 899 556 υ21-
1011 447 1017 461 .

143 685 188 752 H.
218 683 306 748 Diels
334 684 365 747 in
392 683 471 750 Mus.
496 683 600 747 Rhen.
623 675 659 748 N.
682 681 717 747 F.
740 676 861 757 XXIX,
895 681 975 762 1874
996 698 1090 763 pagg.
1118 693 1176 760 107
1200 697 1268 761 sqq.
1295 685 1326 740 et
1347 670 1454 752 XXX,

153 796 230 876 1875
255 815 345 879 pagg.
375 810 432 875 172
463 812 534 876 sqq.
556 790 596 857 de
623 794 683 856 hae
710 812 743 856 re
770 788 955 865 docuerunt.
1000 789 1166 866 Chorisius
1193 807 1259 866 non
1288 787 1386 866 semel
1413 788 1453 865 ab

145 903 288 977 Antonio
310 913 476 1002 excerptus
498 910 554 981 est.
1163 900 1169 911 ’

759 1133 776 1213 i
801 1146 827 1214 5·

489 1303 542 1364 De
565 1299 728 1365 Choricio
751 1298 908 1360 Platonis
931 1298 1114 1361 imitatore.

630 1481 658 1525 a.
682 1457 728 1525 de
750 1459 969 1543 republica.
1043 1526 1050 1543 ‚

246 1570 325 1635 Loci
347 1573 443 1636 citati:

244 1683 346 1762 B.40,
366 1699 413 1748 12.
440 1682 460 1769 ἦ
482 1684 518 1750 δὲ
538 1682 635 1771 λοιπὴ
659 1688 798 1773 ξυνωρίς,
822 1681 839 1749 ό
860 1688 922 1768 μὲν
943 1683 980 1751 ἐν
995 1684 1121 1771 ἐξουσίᾳ
1136 1684 1323 1758 πλεονεξίας
1338 1681 1455 1745 δικαιο-

144 1793 243 1882 σύνην
265 1792 365 1877 οἷσκεῖ,
389 1798 525 1889 πρᾶχμα
554 1794 647 1883 παρά
679 1792 867 1862 Πλάτωνι
885 1782 987 1891 κριτῇ
1013 1792 1169 1878 χαλεπόν.
1220 1791 1385 1855 Manifesto
1408 1810 1457 1852 so-

145 1906 282 1988 phistam
303 1905 477 1988 respexisse
498 1892 578 1969 Plat.
600 1905 681 1988 Rep.
705 1904 740 1968 Π.
765 1905 827 1984 364
841 1903 883 1970 Α.
907 1905 970 1968 iam
992 1899 1217 1967 Boissonadius
1243 1901 1319 1985 (not.
1344 1900 1377 1984 5)
1403 1897 1456 1964 ad·
1501 1919 1507 1930 ·
1593 1866 1597 1874 ’

143 2017 280 2081 notavit:
314 2014 436 2095 πάντες
463 2015 526 2105 γάρ
548 2017 585 2094 ἐξ
603 2016 674 2094 ἑνός
693 2014 848 2102 πόματος
868 2014 1034 2102 ύμνούσιν,
1054 2013 1096 2094 οἷς
1115 2012 1252 2103 καλδνη
1275 2009 1457 2102 σωφροσύνη

143 2152 180 2195 τε
201 2137 257 2195 καῖ
278 2125 475 2216 δικαιοσύνη,
498 2127 646 2212 χαλεπόν
666 2140 777 2213 μέντοι
799 2139 855 2196 καὶ
877 2129 1045 2195 ἐπίπονον.

244 2288 279 2355 Β.
302 2290 353 2368 46,
378 2305 413 2351 21
440 2309 485 2372 sq.
528 2294 560 2355 εἰ
577 2288 624 2377 μή
644 2316 689 2382 τφ
718 2290 805 2357 δοκεῖ
824 2287 1013 2374 ψεύδεσθαι
1042 2286 1181 2356 Πλάτων
1209 2266 1249 2354 ού
1274 2283 1374 2371 μόνον
1401 2281 1456 2353 άν·
1485 2371 1488 2376 ι

144 2399 266 2490 δράσιν
280 2399 392 2484 εἰπάν,
416 2398 501 2468 άλλολ
524 2411 580 2467 καὶ
600 2406 729 2484 γυναιξὶ
751 2402 944 2478 σπουδαίαις
970 2399 1042 2477 τούς
1071 2397 1210 2489 θρήνους
1238 2396 1282 2484 μη
1309 2408 1456 2484 πρέπειν.

145 2511 325 2575 Choricium
354 2513 415 2576 hoc
437 2510 508 2574 loco
530 2510 668 2575 Platonis
690 2511 858 2575 Menexeni
886 2531 957 2595 pag.
974 2511 1142 2590 247-248
1176 2504 1321 2571 laudasse
1349 2505 1457 2571 Villoi·

144 2624 251 2687 sonius
283 2624 414 2707 putauit,
448 2620 480 2686 id
512 2619 599 2705 quod
625 2619 849 2687 Boissonadius
883 2609 1109 2704 comprobavit.
1157 2619 1276 2696 Contra
1311 2613 1458 2701 equidem

144 2716 307 2798 rhetorem
335 2733 396 2797 hoe
429 2733 500 2798 loco
529 2734 703 2816 respexisse
726 2730 884 2796 contendo
903 2732 983 2797 Plat.
999 2732 1077 2814 Rep.
1092 2729 1141 2793 III.
1164 2731 1223 2811 387
1245 2727 1291 2791 E:
1337 2726 1458 2817 Ὀρθῶς

144 2843 197 2936 ἄρ’
228 2842 272 2914 άν
301 2846 483 2935 ἐξαιροῖμεν
510 2845 583 2922 τούς
612 2842 751 2934 θρήνους
781 2849 848 2913 τοῖν
874 2842 1063 2930 όνομαστῶν
1092 2840 1230 2932 οἷνδρῶν,
1262 2842 1392 2922 γυναιξὶ
1422 2839 1458 2904 δὲ

144 2953 367 3041 άποδιδοῖμεν,
391 2966 447 3021 καὶ
468 2953 543 3026 ου’δὲ
563 2953 700 3033 ταύταις
722 2956 914 3032 σπουδαίαις
936 2958 1001 3023 κτλ.

171 3186 174 3192 ,
245 3115 282 3182 Β.
308 3117 376 3198 189,
403 3134 441 3196 14
462 3135 507 3201 sq.
561 3123 639 3182 Καὶ
671 3112 746 3183 όσα
780 3117 815 3184 δὲ
853 3133 993 3201 στοιχεῖα
1029 3113 1188 3200 φύσεως
1221 3099 1457 3196 φιλοσόφου

144 3236 277 3295 τίθεται
300 3225 476 3310 Πλάτων,
510 3224 736 3316 προσεπήνθει
758 3238 813 3293 καὶ
834 3221 943 3296 ταῦτά
964 3247 1012 3293 σοι
1034 3227 1246 3315 χαριέστερον.
1289 3222 1456 3285 Boissona-

144 3334 214 3401 dius
237 3338 316 3422 (not.
337 3334 372 3419 4)
395 3345 479 3401 recte
501 3334 590 3400 affert
612 3336 718 3400 loc'um
740 3337 822 3420 Rep.
837 3335 891 3402 VI.
917 3350 975 3417 503
1000 3336 1040 3403 Ct
1069 3333 1238 3420 Εύμαθεῖς
1260 3342 1315 3400 καὶ
1337 3330 1456 3418 μνήμο-

144 3475 197 3526 νες
219 3459 275 3515 καὶ
296 3446 423 3533 οἷγχίνοι
444 3458 500 3514 καὶ
521 3446 602 3527 όξεῖς
623 3460 694 3516 καὶ
722 3445 797 3515 όσα
828 3445 1064 3525 άλλατούτοις
1086 3454 1201 3515 ἕπεται
1223 3446 1308 3512 οἷσθ’
1330 3439 1382 3510 ότι
1403 3441 1460 3511 ούκ

145 3562 316 3649 ἐθέλουσιν
345 3555 418 3644 ἅμα
447 3557 636 3644 φύεσθαι
664 3570 720 3627 καὶ
741 3574 889 3628 νεανικοί
905 3587 942 3626 τε
963 3568 1017 3625 καὶ
1038 3552 1292 3646 μεγαλοπρεπεῖς
1312 3554 1371 3635 τοὶς
1392 3556 1460 3621 δια·

146 3683 245 3753 νοίας,
262 3669 345 3737 οἶοι
367 3683 544 3753 κοσμίως
565 3670 670 3754 μετά
692 3668 867 3757 ἡσυχίας
896 3681 966 3737 καῖ
996 3666 1280 3753 βεβαιότητος
1302 3668 1461 3733 ἐθέλειν

146 3783 164 3858 ζ
172 3810 191 3868 η
201 3808 220 3848 ν
242 3783 322 3846 κτλ.
790 3794 793 3799 “

246 3907 283 3972 Β.
306 3923 377 3982 201,
401 3923 430 3969 2.
471 3907 521 3974 Τά
545 3907 696 3998 χρήματα
725 3914 754 3974 οῖ
782 3907 969 3994 ὀφείλοντες,
993 3914 1024 3974 εἰ
1041 3912 1096 3996 τῆς
1124 3919 1233 3996 κυρίας
1262 3902 1397 3992 ἡκούσης
1422 3902 1460 3968 τό

144 4030 234 4107 χρέος
263 4014 360 4086 άπαν
385 4018 429 4101 μη
457 4018 687 4096 καταβάλοιεν,
715 4016 785 4088 ούτι
812 4046 876 4086 που
907 4023 1030 4087 οἴονται
1057 4023 1174 4108 χρῆναι
1200 4028 1314 4106 μηκέτι
1344 4013 1457 4081 άποδι-

144 4127 241 4196 δόναι
264 4183 270 4195 .
295 4177 302 4191 .
327 4183 332 4194 .
370 4136 491 4194 Δίκαια
524 4133 629 4196 ταῦτα
658 4130 745 4196 δοκεῖ
771 4131 856 4197 εἶναι
885 4128 1070 4197 Πλάτωνί
1092 4155 1128 4195 τε
1148 4132 1196 4219 τῷ
1217 4125 1382 4216 Ἀθηναίῳ
1405 4136 1475 4191 καῖ,

151 4239 356 4332 Σιμωνίδη
391 4242 437 4329 τῷ
467 4246 559 4329 Κείφ.
615 4237 648 4306 Ὁ
676 4240 738 4329 γάρ
773 4238 946 4328 Ἀθηναῖος
980 4239 1036 4307 τόν
1066 4247 1159 4307 Κεῖον
1187 4240 1337 4328 ἐρομένου
1365 4233 1461 4317 τινός,

143 4363 180 4417 τί
198 4376 278 4417 ποτε
300 4347 367 4439 ἄρα
388 4348 431 4415 τό
462 4351 650 4434 δίκαιον,
680 4349 928 4441 οἷποκρίνασθαι
950 4352 1020 4440 ἔφη,
1043 4350 1079 4416 τό
1101 4350 1143 4416 τοὶ
1167 4347 1359 4435 ὀφειλόμενα
1382 4344 1462 4413 οἷπο-

144 4460 272 4529 διδόναι
293 4487 336 4513 =
355 4458 436 4542 Rep.
459 4459 482 4537 l,
506 4477 562 4540 331
589 4461 631 4524 E:
654 4476 690 4529 τί
707 4462 767 4561 φης
789 4462 1043 4548 τδνΣιμωνίδην
1072 4463 1207 4544 λέγοντα
1223 4457 1330 4549 ὀρθῶς
1355 4461 1459 4540 λέγειν

145 4584 219 4663 περὶ
248 4569 450 4658 δικαιοσύνης
456 4601 466 4652 ,·
490 4567 572 4648 Ὅτι,
601 4564 623 4660 ἤ
650 4568 725 4655 δός,
744 4560 793 4638 τό
821 4569 864 4639 τά
891 4571 1084 4659 ὀφειλόμενα
1116 4569 1245 4662 ἑκάστην
1268 4567 1465 4638 άποδιδόναι

149 4679 277 4750 δίκαιόν
299 4683 396 4750 ἔστιν.
421 4680 534 4760 (Βοίεε.
558 4681 633 4746 1101.ι
653 4681 696 4764 2).

247 4816 284 4878 G.
307 4816 358 4894 66,
381 4815 417 4894 H,
441 4834 469 4898 3.
501 4825 567 4882 not.
589 4818 618 4879 8.
667 4816 767 4887 Φύσει
799 4823 860 4903 μὲν
892 4809 949 4887 aiv
982 4815 1131 4904 άλλήλοις
1164 4814 1308 4906 πραότης
1340 4840 1375 4881 τε
1407 4825 1464 4880 καῖ

145 4926 251 5013 θυμός
281 4928 367 5029 δοκεῖ
397 4928 635 5014 διαμάχεσθαι,
665 4923 746 4996 όόστε
776 4939 831 4995 καὶ
862 4925 1086 5018 Σωκράτης
1116 4925 1282 5017 άπορήσας
1309 4952 1373 4994 που
1394 4938 1465 5011 φαί-
