3542 5634
1375 515 1800 574 ...63-

260 705 600 780 utrumque
660 706 951 761 secutum
1009 717 1148 760 esse
1205 706 1397 780 atque
1458 718 1538 760 ex
1598 695 1840 760 eisdem
1900 699 2030 762 fere
2108 699 2514 781 scriptoribus
2577 700 2907 762 scientiam

260 828 442 870 suam
487 807 834 871 litterarum
878 809 1183 884 hausisse,
1231 804 1343 870 sed
1389 808 1772 886 Choricium,
1795 820 1865 871 ut
1924 811 2031 891 qui
2076 810 2334 873 saeculo
2380 819 2522 892 post
2565 808 2904 872 Libanium

258 916 570 993 floruerit,
619 920 743 982 iam
788 939 916 982 non
964 939 1168 1002 aeque
1214 927 1406 1001 atque
1452 919 1620 981 hunc
1668 920 1728 981 in
1775 918 2023 982 illorum
2072 919 2344 982 lectione
2376 929 2702 983 versatum
2749 940 2906 983 esse.

459 1029 744 1111 Uterque
775 1039 943 1093 totus
976 1039 1072 1093 est
1119 1030 1177 1092 in
1212 1028 1518 1106 HomerO,
1567 1050 1752 1093 suum
1802 1030 1944 1092 fecit
1973 1030 2503 1108 Demosthenem,
2550 1031 2909 1106 Platonem,

192 1172 210 1182 ,
254 1111 728 1197 Thucydidem,
798 1112 1218 1178 Herodotum.
1320 1112 1764 1198 Xenophontis
1838 1136 2104 1199 operum
2181 1115 2483 1179 Libanius
2556 1117 2905 1192 Hellenica,

256 1221 783 1301 Commentarios
847 1224 1197 1302 Anabasin,
1269 1224 1745 1310 Cynegeticum,
1805 1225 2130 1290 Choricius
2188 1224 2653 1311 Cyropaediam
2711 1224 2905 1289 modo

251 1333 501 1398 videtur
546 1337 943 1421 cognovisse.
1611 1407 1617 1414 ,

453 1446 736 1530 Uterque
781 1455 949 1510 certe
996 1448 1294 1531 cognovit
1340 1444 1602 1510 Hesiodi
1648 1449 1866 1531 Opera
1896 1458 1959 1510 et
1995 1447 2162 1522 Dies,
2202 1447 2667 1532 Theogoniam,
2721 1449 2901 1511 Euri-

248 1554 426 1639 pidis‚
473 1557 820 1640 SophocliS‚
855 1555 1155 1641 Aeschyli
1200 1558 1537 1620 nonnullas
1571 1558 1837 1633 fabulas,
1889 1559 2253 1636 Isocratem,
2300 1545 2581 1643 Lysiam,
2634 1557 2898 1622 Aeschi-

248 1689 417 1731 nem.
490 1666 963 1731 Pindaricorum
1033 1670 1386 1732 carminum
1456 1667 1758 1732 Libanius
1830 1670 2132 1753 imprimis
2194 1669 2493 1753 Olympia
2549 1681 2613 1733 et
2674 1668 2896 1753 Pythia

246 1780 446 1856 novit,
497 1779 823 1851 Choricius
848 1780 1003 1858 haec
1031 1781 1310 1844 carmina
1332 1777 1589 1843 Nemeis
1614 1789 1676 1842 et
1720 1779 1989 1844 Isthmiis
2035 1800 2164 1843 non
2211 1778 2462 1844 videtur
2507 1779 2896 1864 praetulisse.

246 1889 861 1974 Aristophanearum
908 1892 1262 1955 fabularum
1295 1892 1597 1954 Libanius
1624 1893 1903 1955 maxime
1950 1911 2096 1955 suas
2143 1891 2286 1954 fecit
2317 1889 2532 1954 Nubes
2565 1900 2628 1954 et
2652 1888 2893 1953 Achar-

245 2022 493 2068 neuses,
543 2002 869 2066 Choricius
907 2004 1021 2066 has
1048 1999 1411 2067 comoedias
1452 2003 1705 2086 reliquis
1744 2024 1874 2066 non
1918 2003 2233 2086 praetulit.
2282 2004 2567 2086 Operum
2616 1998 2900 2084 deperdi-

241 2122 456 2175 torum
480 2112 781 2177 Libanius
815 2134 1118 2198 magnum
1151 2133 1489 2177 numerum
1524 2116 1839 2198 cognovit.
1904 2114 2264 2177 Choricium
2297 2122 2546 2196 praeter
2568 2112 2895 2189 Solonem,

243 2222 726 2308 Sophronem,1)
772 2223 1190 2287 Menandrum
1235 2223 1392 2287 alios
1426 2234 1671 2287 veteres
1718 2226 2049 2308 scriptores
2082 2225 2458 2308 cognovisse
2490 2243 2571 2286 ex
2602 2224 2900 2307 operibus

240 2332 499 2416 quidem
552 2336 685 2398 eius
733 2336 1031 2419 cognosci
1077 2356 1205 2398 non
1250 2344 1476 2418 potest.
1565 2332 1878 2418 Euripidis
1925 2337 2093 2398 enim
2140 2355 2342 2397 unum
2389 2353 2633 2397 novum
2680 2333 2892 2396 locum

238 2445 492 2509 fabulae
523 2443 886 2529 deperditae
917 2444 1087 2529 apud
1119 2447 1481 2510 Choricium
1528 2448 1904 2523 invenimuS‚
1953 2444 2065 2509 sed
2095 2448 2175 2509 ab
2223 2449 2357 2530 ipso
2390 2466 2537 2508 eum
2585 2467 2621 2507 e
2672 2444 2891 2507 fabula

240 2557 538 2619 haustum
593 2577 733 2620 esse
794 2556 1122 2638 probabile
1180 2578 1310 2619 non
1367 2555 1688 2634 duximus,
1793 2556 2029 2621 Contra
2101 2557 2403 2621 Libanius
2468 2556 2652 2637 plura
2698 2574 2897 2638 opera

240 2664 428 2730 hodie
473 2665 800 2750 deperdita
847 2670 1162 2751 cognovit.

36 1345 41 1468 l
105 1460 109 1464 ,

445 2838 486 2899 ¹)
529 2838 604 2887 Cf.
642 2839 703 2889 G.
744 2849 858 2902 215,
897 2839 982 2895 ΙΙΙ,
1028 2852 1099 2900 ιο,
1141 2849 1191 2886 et
1227 2857 1259 2903 p
1297 2856 1346 2902 g.
1387 2851 1487 2898 209
1525 2856 1598 2902 sq.

1203 3301 1923 3396 Oorigenda.

537 3437 592 3485 P.
640 3447 695 3500 15
742 3436 775 3489 l.
812 3435 842 3484 8
879 3435 1048 3499 legas:
1121 3435 1199 3484 Cf.
1238 3444 1341 3484 not.
1383 3446 1426 3498 5.
1466 3435 1628 3485 Boiss.

536 3523 589 3574 P.
627 3535 690 3569 22
728 3521 760 3573 l.
799 3534 865 3569 20
899 3521 1070 3582 legas:
1144 3519 1282 3576 δέος.

539 3608 592 3656 Ρ.
632 3620 694 3669 23
732 3607 765 3658 l.
804 3620 866 3654 22
906 3607 1068 3668 legas:
1139 3598 1502 3674 οἶκουρούσας.

538 3693 592 3742 Ρ.
631 3705 688 3754 31
731 3693 762 3740 l.
802 3703 827 3755 5
867 3693 1032 3756 legas:
1102 3691 1359 3742 indicatur.

537 3778 606 3839 P.¹
633 3788 693 3840 35
733 3778 763 3826 l.
803 3790 864 3839 32
905 3778 1072 3839 legas:
1142 3778 1245 3826 Pal.

536 3866 592 3918 P.
635 3866 698 3926 36
734 3865 765 3912 l.
811 3876 866 3924 17
907 3865 1070 3925 legas:
1147 3854 1304 3912 νεών.

538 3952 592 4000 Ρ.
629 3964 697 4010 40
733 3951 765 3997 l.
806 3962 834 4011 3
870 3950 1035 4011 legas:
1107 3945 1141 4011 ἧ’
1178 3965 1247 3997 τε.
