3542 5634
614 1570 768 1675 Pars
804 1570 1009 1676 altera.

303 1809 358 1868 De
381 1808 537 1870 Choricii
559 1812 741 1885 poetarum
767 1814 926 1871 veterum
953 1808 1170 1871 Graecorum
1192 1809 1319 1870 studio.

252 1943 411 2006 Omnibus
422 1942 487 2005 iere
498 1942 704 2025 temporibus,
718 1945 831 2027 quibus
843 1944 987 2008 homines
1000 1943 1120 2007 Graece
1131 1945 1280 2021 sciebant,
1292 1944 1470 2007 Homerum

154 2056 300 2119 omnium
316 2063 482 2137 poetamm
495 2054 688 2117 Graecorum
703 2055 965 2118 lectitatissimum
978 2053 1072 2117 luisse
1088 2064 1221 2118 constat.
1257 2055 1298 2118 Et
1313 2055 1472 2138 sophistae

148 2175 246 2248 atque
261 2165 402 2228 rhetores
420 2185 494 2227 eum
510 2175 635 2248 praeter
649 2184 762 2227 omnes
776 2167 930 2228 amabant
941 2166 973 2227 in
988 2166 1119 2249 eiusque
1134 2163 1243 2230 studiis
1258 2169 1471 2229 versabantur

149 2278 202 2352 ita,
224 2285 260 2339 ut
281 2296 321 2339 ex
342 2272 439 2338 Iliade
462 2284 558 2358 atque
580 2272 726 2358 Odyssea
752 2285 897 2358 peterent
918 2278 1089 2359 proposita,
1119 2274 1159 2341 de
1181 2277 1297 2361 quibus
1322 2281 1469 2363 μελέτας,

148 2385 407 2463 declamationes
431 2382 658 2469 disputationes
681 2385 829 2464 facerent,
854 2386 1019 2470 exempla,
1050 2388 1163 2471 quibus
1194 2390 1352 2452 orationes
1383 2408 1472 2450 exor-

147 2509 269 2575 narent,
282 2499 461 2571 sententias,
469 2517 547 2579 quas
560 2497 591 2558 in
603 2493 744 2559 medium
755 2497 941 2579 proferrent,
951 2499 1155 2573 elocutiones,
1167 2500 1280 2582 quibus
1293 2499 1471 2562 orationem

149 2610 335 2674 colorarent.
387 2610 437 2672 De
468 2607 622 2671 sermonis
654 2586 791 2692 denique
824 2609 987 2672 Homerici
1010 2609 1186 2674 imitatione
1208 2610 1265 2671 viri
1291 2607 1386 2686 docti,
1416 2610 1471 2691 qui

154 2718 320 2785 edidemnt
343 2721 477 2784 Choricii
501 2738 608 2804 opera,
631 2718 732 2782 multa
746 2716 990 2813 adnotaverunt,
1013 2741 1105 2804 quae,
1122 2740 1318 2806 quamquam
1335 2719 1472 2803 suppleri

153 2839 298 2916 possunt,
321 2840 430 2895 tamen
457 2832 627 2915 imaginem
650 2831 804 2914 praebent
827 2832 901 2894 satis
924 2831 1050 2895 firmam
1082 2841 1178 2916 atque
1205 2841 1334 2894 certam.
1379 2831 1472 2912 Quae

154 2963 229 3006 cum
252 2944 295 3006 ita
317 2943 385 3019 sint,
409 2945 630 3026 quaestionem
645 2941 686 3006 de
702 2942 848 3005 Choricio
863 2943 999 3006 Homeri
1015 2945 1173 3006 imitatore
1187 2943 1276 3006 velut
1291 2941 1472 3005 absolutam

152 3055 254 3120 mitto.
291 3052 478 3117 Transimus
501 3055 593 3139 igitur
615 3053 656 3119 ad
677 3057 914 3139 quaestionem:

773 3298 794 3375 ξ
819 3311 845 3357 1.

519 3450 573 3510 De
596 3450 749 3512 Choricii
772 3450 888 3512 studio
912 3450 1095 3511 Hesiodeo.

660 3622 688 3668 a.
712 3603 965 3686 Theogonia.

254 3742 289 3807 Β.
315 3758 386 3824 302,
409 3739 499 3821 frgm.
533 3737 608 3827 ρια’.
632 3746 695 3801 not.
729 3754 757 3800 2.
789 3748 888 3822 Λέγει
915 3765 982 3806 που
1006 3737 1022 3805 ὅ
1049 3737 1172 3824 ποιμην
1203 3735 1221 3803 δ
1251 3735 1472 3824 Ἀσκραῐος,

151 3852 230 3939 ούχί
251 3881 287 3920 τε
308 3850 433 3943 ύπῆρχι
463 3848 595 3935 ποιμην,
620 3846 692 3915 ἄλλ’
722 3846 776 3916 δτι
804 3847 945 3936 ποιητής.
1001 3845 1224 3912 Boissonadius
1253 3868 1311 3932 pro
1345 3846 1422 3933 ούχί
1438 3874 1475 3915 τε

152 3965 287 4029 coniecit
316 3963 376 4050 οὐχ
397 3961 460 4031 διε.
507 3962 581 4024 Sine
596 3958 693 4024 dubio
716 3961 759 4024 ita
781 3956 952 4044 legendum
976 3970 1032 4037 est,
1057 3958 1143 4043 quod
1167 3981 1207 4023 ex
1231 3960 1375 4042 sequenti
1397 3957 1470 4025 ἀλλ’

150 4072 216 4144 διε
238 4074 349 4138 elucet.
374 4070 494 4137 indicat
511 4073 651 4156 sophista
665 4067 846 4136 Hesiodum
862 4068 1040 4135 Ascraeum
1056 4073 1166 4135 ovium
1183 4067 1358 4148 custodem,
1375 4089 1472 4153 quem

152 4186 265 4252 Musae
287 4205 379 4250 suam
402 4181 598 4269 edocuerunt
620 4190 746 4247 artemi·
766 4184 891 4267 Theog.
917 4197 1058 4262 22-23:

255 4302 306 4365 Αἵ
323 4294 364 4366 νύ
385 4300 469 4364 ποθ’
491 4293 638 4363 Ἡσίοδον
659 4295 761 4383 καλην
784 4295 940 4374 ἐδίδαξαν
962 4289 1080 4383 αόιδην

247 4405 368 4498 ’Ἀρνας
392 4412 609 4493 ποιμαίνονθ’
631 4404 800 4487 Ἑλικῶνος
830 4404 897 4475 ύπδ
923 4409 1068 4484 ζαθέοιο·

254 4520 292 4583 Β.
318 4536 386 4601 129,
410 4533 537 4600 7-130
558 4537 604 4601 sq.
627 4527 682 4583 καὶ
704 4515 892 4608 Ἀφροδίτην
916 4518 1103 4603 δημιουργεῖ
1125 4515 1293 4607 αἠρογενῆ
1314 4544 1349 4583 τε
1370 4519 1471 4599 καλεῖ,

151 4638 184 4698 εἰ
201 4628 247 4719 μη
278 4629 336 4699 τού
362 4631 460 4710 ἔπους
494 4634 538 4707 εἰς
565 4625 672 4717 λη’θην
701 4623 860 4713 οἷφῐγυαι,
890 4625 988 4711 ,,ὃίι“
1018 4642 1100 4725 φησί
1122 4641 1238 4713 „ram
1266 4625 1476 4719 πολυκλύστῳ

151 4745 201 4811 ἑνὶ
224 4740 370 4834 πόντη.“
412 4741 536 4823 Theog.
564 4755 637 4819 199:

255 4902 264 4920 .
287 4902 295 4917 .
320 4901 327 4917 .
351 4849 403 4920 ὅτι
424 4864 516 4935 γέντο
532 4844 743 4940 πολυκλύστῳ
758 4848 807 4916 ἐνὶ
822 4844 951 4940 Κύπρῳ.
999 4845 1100 4910 Codd.
1123 4846 1197 4911 Vr.
1223 4864 1241 4910 2
1263 4848 1296 4911 M
1319 4864 1336 4928 3
1357 4848 1476 4912 habent
1562 4848 1564 4853 ’

150 4970 264 5050 γένοι’,
277 4962 387 5047 reliqui
398 4976 533 5049 γένοιτο.
550 4959 661 5024 Lectio
670 4957 779 5051 πόντῳ
789 4959 820 5020 in
832 4955 920 5021 nullo
932 4957 1012 5021 libro
1025 4960 1190 5037 invenitur,
1205 4957 1262 5023 sed
1270 4958 1406 5021 Choricii
1418 4966 1475 5023 est,
