<?xml version="1.0" encoding="UTF-8"?>
<!DOCTYPE html PUBLIC "-//W3C//DTD XHTML 1.0 Transitional//EN"
    "http://www.w3.org/TR/xhtml1/DTD/xhtml1-transitional.dtd">
<html xmlns="http://www.w3.org/1999/xhtml" xml:lang="en" lang="en">
 <head>
  <title>
</title>
<meta http-equiv="Content-Type" content="text/html;charset=utf-8" />
  <meta name='ocr-system' content='tesseract 3.04.00' />
  <meta name='ocr-capabilities' content='ocr_page ocr_carea ocr_par ocr_line ocrx_word'/>
</head>
<body>
  <div class='ocr_page' id='page_1' title='image "./dechoriciigazae00malcgoog_0009.png"; bbox 0 0 3542 5634; ppageno 0'>
   <div class='ocr_carea' id='block_1_1' title="bbox 674 431 904 508">
    <p class='ocr_par' dir='ltr' id='par_1_1' title="bbox 674 431 904 508">
     <span class='ocr_line' id='line_1_1' title="bbox 674 431 904 508; baseline 0 -60"><span class='ocrx_word' id='word_1_1' title='bbox 674 431 904 508; x_wconf 82' lang='lat'><strong>&#39;-7-</strong></span> 
     </span>
    </p>
   </div>
   <div class='ocr_carea' id='block_1_2' title="bbox 146 632 1465 1159">
    <p class='ocr_par' dir='ltr' id='par_1_2' title="bbox 146 632 1465 1159">
     <span class='ocr_line' id='line_1_2' title="bbox 250 632 1465 717; baseline -0.001 -22"><span class='ocrx_word' id='word_1_2' title='bbox 250 632 513 716; x_wconf 90' lang='lat' dir='ltr'>Philosophorum</span> <span class='ocrx_word' id='word_1_3' title='bbox 549 652 631 695; x_wconf 92' lang='lat' dir='ltr'>unus</span> <span class='ocrx_word' id='word_1_4' title='bbox 666 633 757 697; x_wconf 90' lang='lat' dir='ltr'>Plato</span> <span class='ocrx_word' id='word_1_5' title='bbox 796 635 941 717; x_wconf 87' lang='lat' dir='ltr'>sophistis</span> <span class='ocrx_word' id='word_1_6' title='bbox 979 633 1219 716; x_wconf 84' lang='lat' dir='ltr'>rhetoribusque</span> <span class='ocrx_word' id='word_1_7' title='bbox 1263 642 1354 715; x_wconf 93' lang='lat' dir='ltr'>aptus</span> <span class='ocrx_word' id='word_1_8' title='bbox 1396 652 1465 694; x_wconf 87' lang='lat' dir='ltr'>esse</span> 
     </span>
     <span class='ocr_line' id='line_1_3' title="bbox 148 723 1465 829; baseline -0.002 -23"><span class='ocrx_word' id='word_1_9' title='bbox 148 740 323 820; x_wconf 88' lang='lat' dir='ltr'>videbatur,</span> <span class='ocrx_word' id='word_1_10' title='bbox 347 764 387 806; x_wconf 87' lang='lat' dir='ltr'>ex</span> <span class='ocrx_word' id='word_1_11' title='bbox 410 743 497 805; x_wconf 90' lang='lat' dir='ltr'>cuius</span> <span class='ocrx_word' id='word_1_12' title='bbox 514 744 661 825; x_wconf 87' lang='lat' dir='ltr'>operibus</span> <span class='ocrx_word' id='word_1_13' title='bbox 680 742 766 829; x_wconf 88' lang='lat' dir='ltr'>haud</span> <span class='ocrx_word' id='word_1_14' title='bbox 789 748 893 807; x_wconf 91' lang='lat' dir='ltr'>minus</span> <span class='ocrx_word' id='word_1_15' title='bbox 916 742 1052 807; x_wconf 89' lang='lat' dir='ltr'>iucunde</span> <span class='ocrx_word' id='word_1_16' title='bbox 1075 723 1257 826; x_wconf 82' lang='lat' dir='ltr'>compositis</span> <span class='ocrx_word' id='word_1_17' title='bbox 1276 763 1373 825; x_wconf 92' lang='lat' dir='ltr'>quam</span> <span class='ocrx_word' id='word_1_18' title='bbox 1396 763 1465 804; x_wconf 88' lang='lat' dir='ltr'>sen·</span> 
     </span>
     <span class='ocr_line' id='line_1_4' title="bbox 148 845 1465 938; baseline -0.003 -21"><span class='ocrx_word' id='word_1_19' title='bbox 148 856 317 918; x_wconf 88' lang='lat' dir='ltr'>tentiarum</span> <span class='ocrx_word' id='word_1_20' title='bbox 333 863 366 916; x_wconf 91' lang='lat' dir='ltr'>et</span> <span class='ocrx_word' id='word_1_21' title='bbox 391 853 611 937; x_wconf 86' lang='lat' dir='ltr'>exemplorum</span> <span class='ocrx_word' id='word_1_22' title='bbox 638 851 825 918; x_wconf 90' lang='lat' dir='ltr'>idoneorum</span> <span class='ocrx_word' id='word_1_23' title='bbox 851 845 950 937; x_wconf 89' lang='lat' dir='ltr'>plenis</span> <span class='ocrx_word' id='word_1_24' title='bbox 977 854 1077 917; x_wconf 90' lang='lat' dir='ltr'>multa</span> <span class='ocrx_word' id='word_1_25' title='bbox 1106 863 1251 938; x_wconf 87' lang='lat' dir='ltr'>peterent</span> <span class='ocrx_word' id='word_1_26' title='bbox 1275 850 1316 915; x_wconf 90' lang='lat' dir='ltr'>ad</span> <span class='ocrx_word' id='word_1_27' title='bbox 1342 854 1465 914; x_wconf 88' lang='lat' dir='ltr'>animos</span> 
     </span>
     <span class='ocr_line' id='line_1_5' title="bbox 147 960 1465 1049; baseline -0.002 -22"><span class='ocrx_word' id='word_1_28' title='bbox 147 962 341 1027; x_wconf 88' lang='lat' dir='ltr'>audientium</span> <span class='ocrx_word' id='word_1_29' title='bbox 357 960 549 1026; x_wconf 88' lang='lat' dir='ltr'>excitandos.</span> <span class='ocrx_word' id='word_1_30' title='bbox 573 962 751 1028; x_wconf 87' lang='lat' dir='ltr'>Aristotelis</span> <span class='ocrx_word' id='word_1_31' title='bbox 764 968 849 1029; x_wconf 87' lang='lat' dir='ltr'>enirn</span> <span class='ocrx_word' id='word_1_32' title='bbox 864 986 961 1049; x_wconf 91' lang='lat' dir='ltr'>opera</span> <span class='ocrx_word' id='word_1_33' title='bbox 972 963 1145 1028; x_wconf 84' lang='lat' dir='ltr'>difficiliora</span> <span class='ocrx_word' id='word_1_34' title='bbox 1158 975 1248 1027; x_wconf 88' lang='lat' dir='ltr'>erant</span> <span class='ocrx_word' id='word_1_35' title='bbox 1262 984 1359 1047; x_wconf 92' lang='lat' dir='ltr'>quam</span> <span class='ocrx_word' id='word_1_36' title='bbox 1374 972 1409 1026; x_wconf 94' lang='lat' dir='ltr'>ut</span> <span class='ocrx_word' id='word_1_37' title='bbox 1424 964 1465 1025; x_wconf 89' lang='lat' dir='ltr'>ab</span> 
     </span>
     <span class='ocr_line' id='line_1_6' title="bbox 146 1072 1463 1159; baseline -0.003 -21"><span class='ocrx_word' id='word_1_38' title='bbox 146 1077 191 1139; x_wconf 91' lang='lat' dir='ltr'>eis</span> <span class='ocrx_word' id='word_1_39' title='bbox 206 1076 259 1158; x_wconf 91' lang='lat' dir='ltr'>qui</span> <span class='ocrx_word' id='word_1_40' title='bbox 270 1095 344 1154; x_wconf 85' lang='lat' dir='ltr'>non,</span> <span class='ocrx_word' id='word_1_41' title='bbox 359 1083 395 1136; x_wconf 91' lang='lat' dir='ltr'>ut</span> <span class='ocrx_word' id='word_1_42' title='bbox 410 1073 643 1156; x_wconf 83' lang='lat' dir='ltr'>Themistius,¹)</span> <span class='ocrx_word' id='word_1_43' title='bbox 659 1077 716 1138; x_wconf 91' lang='lat' dir='ltr'>toti</span> <span class='ocrx_word' id='word_1_44' title='bbox 732 1077 764 1139; x_wconf 94' lang='lat' dir='ltr'>in</span> <span class='ocrx_word' id='word_1_45' title='bbox 778 1076 996 1159; x_wconf 80' lang='lat' dir='ltr'>philosophiae</span> <span class='ocrx_word' id='word_1_46' title='bbox 1012 1072 1115 1138; x_wconf 91' lang='lat' dir='ltr'>studio</span> <span class='ocrx_word' id='word_1_47' title='bbox 1131 1083 1229 1152; x_wconf 86' lang='lat' dir='ltr'>erant,</span> <span class='ocrx_word' id='word_1_48' title='bbox 1245 1082 1463 1137; x_wconf 82' lang='lat' dir='ltr'>tractarentur.</span> 
     </span>
    </p>
   </div>
   <div class='ocr_carea' id='block_1_3' title="bbox 108 1201 1538 2059">
    <p class='ocr_par' dir='ltr' id='par_1_3' title="bbox 145 1201 1466 1729">
     <span class='ocr_line' id='line_1_7' title="bbox 261 1201 1465 1285; baseline -0.002 -21"><span class='ocrx_word' id='word_1_49' title='bbox 261 1202 432 1264; x_wconf 89' lang='lat' dir='ltr'>Poetarum</span> <span class='ocrx_word' id='word_1_50' title='bbox 476 1203 595 1284; x_wconf 92' lang='lat' dir='ltr'>primus</span> <span class='ocrx_word' id='word_1_51' title='bbox 640 1203 800 1267; x_wconf 87' lang='lat' dir='ltr'>Homerus</span> <span class='ocrx_word' id='word_1_52' title='bbox 848 1205 996 1267; x_wconf 93' lang='lat' dir='ltr'>omnibus</span> <span class='ocrx_word' id='word_1_53' title='bbox 1043 1203 1238 1285; x_wconf 89' lang='lat' dir='ltr'>temporibus</span> <span class='ocrx_word' id='word_1_54' title='bbox 1287 1201 1465 1264; x_wconf 93' lang='lat' dir='ltr'>hominibus</span> 
     </span>
     <span class='ocr_line' id='line_1_8' title="bbox 146 1311 1464 1392; baseline -0.002 -16"><span class='ocrx_word' id='word_1_55' title='bbox 146 1313 283 1376; x_wconf 89' lang='lat' dir='ltr'>Graecas</span> <span class='ocrx_word' id='word_1_56' title='bbox 298 1312 415 1375; x_wconf 87' lang='lat' dir='ltr'>litteras</span> <span class='ocrx_word' id='word_1_57' title='bbox 432 1311 615 1375; x_wconf 83' lang='lat' dir='ltr'>callentibus</span> <span class='ocrx_word' id='word_1_58' title='bbox 632 1311 806 1378; x_wconf 86' lang='lat' dir='ltr'>videbatur.</span> <span class='ocrx_word' id='word_1_59' title='bbox 844 1313 930 1377; x_wconf 90' lang='lat' dir='ltr'>Tum</span> <span class='ocrx_word' id='word_1_60' title='bbox 946 1311 1105 1377; x_wconf 90' lang='lat' dir='ltr'>Hesiodus</span> <span class='ocrx_word' id='word_1_61' title='bbox 1121 1314 1262 1376; x_wconf 85' lang='lat' dir='ltr'>maxima</span> <span class='ocrx_word' id='word_1_62' title='bbox 1278 1313 1464 1392; x_wconf 78' lang='lat' dir='ltr'>auctoritate</span> 
     </span>
     <span class='ocr_line' id='line_1_9' title="bbox 145 1419 1464 1509; baseline -0.002 -23"><span class='ocrx_word' id='word_1_63' title='bbox 145 1424 287 1487; x_wconf 89' lang='lat' dir='ltr'>florebat.</span> <span class='ocrx_word' id='word_1_64' title='bbox 331 1422 373 1484; x_wconf 91' lang='lat' dir='ltr'>Et</span> <span class='ocrx_word' id='word_1_65' title='bbox 394 1422 585 1505; x_wconf 86' lang='lat' dir='ltr'>tragicorum</span> <span class='ocrx_word' id='word_1_66' title='bbox 602 1422 789 1509; x_wconf 69' lang='lat' dir='ltr'>Aeschylus</span> <span class='ocrx_word' id='word_1_67' title='bbox 811 1425 994 1509; x_wconf 88' lang='lat' dir='ltr'>Sophocles,</span> <span class='ocrx_word' id='word_1_68' title='bbox 1018 1425 1158 1486; x_wconf 88' lang='lat' dir='ltr'>maxime</span> <span class='ocrx_word' id='word_1_69' title='bbox 1174 1432 1282 1485; x_wconf 86' lang='lat' dir='ltr'>autem</span> <span class='ocrx_word' id='word_1_70' title='bbox 1298 1419 1464 1504; x_wconf 89' lang='lat' dir='ltr'>Euripides</span> 
     </span>
     <span class='ocr_line' id='line_1_10' title="bbox 146 1528 1464 1616; baseline -0.002 -20"><span class='ocrx_word' id='word_1_71' title='bbox 146 1535 243 1597; x_wconf 92' lang='lat' dir='ltr'>etiam</span> <span class='ocrx_word' id='word_1_72' title='bbox 269 1529 356 1615; x_wconf 90' lang='lat' dir='ltr'>apud</span> <span class='ocrx_word' id='word_1_73' title='bbox 385 1532 541 1614; x_wconf 90' lang='lat' dir='ltr'>sophistas</span> <span class='ocrx_word' id='word_1_74' title='bbox 570 1543 699 1616; x_wconf 90' lang='lat' dir='ltr'>propter</span> <span class='ocrx_word' id='word_1_75' title='bbox 728 1536 955 1598; x_wconf 89' lang='lat' dir='ltr'>sententiarum</span> <span class='ocrx_word' id='word_1_76' title='bbox 988 1528 1219 1605; x_wconf 88' lang='lat' dir='ltr'>multitudinem</span> <span class='ocrx_word' id='word_1_77' title='bbox 1248 1530 1333 1595; x_wconf 88' lang='lat' dir='ltr'>haud</span> <span class='ocrx_word' id='word_1_78' title='bbox 1359 1531 1464 1615; x_wconf 87' lang='lat' dir='ltr'>negle-</span> 
     </span>
     <span class='ocr_line' id='line_1_11' title="bbox 149 1641 1466 1729; baseline -0.002 -23"><span class='ocrx_word' id='word_1_79' title='bbox 149 1645 315 1729; x_wconf 85' lang='lat' dir='ltr'>gebantur.</span> <span class='ocrx_word' id='word_1_80' title='bbox 362 1641 565 1704; x_wconf 90' lang='lat' dir='ltr'>Comicorum</span> <span class='ocrx_word' id='word_1_81' title='bbox 588 1641 653 1706; x_wconf 93' lang='lat' dir='ltr'>duo</span> <span class='ocrx_word' id='word_1_82' title='bbox 676 1643 727 1723; x_wconf 91' lang='lat' dir='ltr'>illi,</span> <span class='ocrx_word' id='word_1_83' title='bbox 751 1644 980 1728; x_wconf 81' lang='lat' dir='ltr'>Aristophanes</span> <span class='ocrx_word' id='word_1_84' title='bbox 1003 1645 1221 1720; x_wconf 86' lang='lat' dir='ltr'>vetustiorum,</span> <span class='ocrx_word' id='word_1_85' title='bbox 1255 1643 1466 1706; x_wconf 84' lang='lat' dir='ltr'>recentiorum</span> 
     </span>
    </p>

    <p class='ocr_par' dir='ltr' id='par_1_4' title="bbox 108 1750 1538 2059">
     <span class='ocr_line' id='line_1_12' title="bbox 145 1750 1466 1841; baseline -0.002 -24"><span class='ocrx_word' id='word_1_86' title='bbox 145 1757 198 1838; x_wconf 91' lang='lat' dir='ltr'>qui</span> <span class='ocrx_word' id='word_1_87' title='bbox 236 1751 383 1816; x_wconf 88' lang='lat' dir='ltr'>dicuntur</span> <span class='ocrx_word' id='word_1_88' title='bbox 420 1750 603 1829; x_wconf 89' lang='lat' dir='ltr'>Menander,</span> <span class='ocrx_word' id='word_1_89' title='bbox 645 1776 762 1841; x_wconf 80' lang='lat' dir='ltr'>magna</span> <span class='ocrx_word' id='word_1_90' title='bbox 810 1750 1009 1839; x_wconf 82' lang='lat' dir='ltr'>praebebant</span> <span class='ocrx_word' id='word_1_91' title='bbox 1045 1755 1279 1817; x_wconf 87' lang='lat' dir='ltr'>oblectamenta</span> <span class='ocrx_word' id='word_1_92' title='bbox 1313 1773 1371 1815; x_wconf 91' lang='lat' dir='ltr'>nec</span> <span class='ocrx_word' id='word_1_93' title='bbox 1402 1773 1466 1815; x_wconf 92' lang='lat' dir='ltr'>non</span> 
     </span>
     <span class='ocr_line' id='line_1_13' title="bbox 108 1844 1538 1948; baseline -0.003 -21"><span class='ocrx_word' id='word_1_94' title='bbox 108 1844 109 1847; x_wconf 8' lang='grc' dir='ltr'><strong>Ἴ</strong></span> <span class='ocrx_word' id='word_1_95' title='bbox 144 1862 294 1927; x_wconf 90' lang='lat' dir='ltr'>laudandi</span> <span class='ocrx_word' id='word_1_96' title='bbox 323 1861 497 1928; x_wconf 79' lang='lat' dir='ltr'>facultates.</span> <span class='ocrx_word' id='word_1_97' title='bbox 547 1862 734 1948; x_wconf 91' lang='lat' dir='ltr'>Lyricorum</span> <span class='ocrx_word' id='word_1_98' title='bbox 756 1864 909 1930; x_wconf 91' lang='lat' dir='ltr'>Pindarus</span> <span class='ocrx_word' id='word_1_99' title='bbox 932 1852 1072 1928; x_wconf 88' lang='lat' dir='ltr'>maxime</span> <span class='ocrx_word' id='word_1_100' title='bbox 1095 1864 1297 1947; x_wconf 83' lang='lat' dir='ltr'>spectabatur</span> <span class='ocrx_word' id='word_1_101' title='bbox 1311 1863 1378 1927; x_wconf 89' lang='lat' dir='ltr'>aliis</span> <span class='ocrx_word' id='word_1_102' title='bbox 1400 1882 1466 1926; x_wconf 92' lang='lat' dir='ltr'>non</span> <span class='ocrx_word' id='word_1_103' title='bbox 1535 1916 1538 1923; x_wconf 90' lang='lat'>.</span> 
     </span>
     <span class='ocr_line' id='line_1_14' title="bbox 119 1975 395 2059; baseline 0.011 -22"><span class='ocrx_word' id='word_1_104' title='bbox 119 2002 123 2009; x_wconf 62' lang='grc'>’</span> <span class='ocrx_word' id='word_1_105' title='bbox 145 1975 240 2059; x_wconf 90' lang='lat' dir='ltr'>plane</span> <span class='ocrx_word' id='word_1_106' title='bbox 263 1977 395 2042; x_wconf 83' lang='lat' dir='ltr'>omissis</span> 
     </span>
    </p>
   </div>
   <div class='ocr_carea' id='block_1_4' title="bbox 142 2102 1464 2520">
    <p class='ocr_par' dir='ltr' id='par_1_5' title="bbox 142 2102 1464 2520">
     <span class='ocr_line' id='line_1_15' title="bbox 246 2102 1464 2190; baseline -0.002 -24"><span class='ocrx_word' id='word_1_107' title='bbox 246 2103 385 2168; x_wconf 88' lang='lat' dir='ltr'>Maxime</span> <span class='ocrx_word' id='word_1_108' title='bbox 408 2108 501 2190; x_wconf 85' lang='lat' dir='ltr'>igitur</span> <span class='ocrx_word' id='word_1_109' title='bbox 523 2108 619 2170; x_wconf 90' lang='lat' dir='ltr'>etiam</span> <span class='ocrx_word' id='word_1_110' title='bbox 636 2103 721 2189; x_wconf 90' lang='lat' dir='ltr'>apud</span> <span class='ocrx_word' id='word_1_111' title='bbox 737 2105 892 2188; x_wconf 88' lang='lat' dir='ltr'>sophistas</span> <span class='ocrx_word' id='word_1_112' title='bbox 909 2103 1046 2167; x_wconf 87' lang='lat' dir='ltr'>valuisse</span> <span class='ocrx_word' id='word_1_113' title='bbox 1062 2102 1147 2167; x_wconf 90' lang='lat' dir='ltr'>illam</span> <span class='ocrx_word' id='word_1_114' title='bbox 1163 2104 1352 2166; x_wconf 88' lang='lat' dir='ltr'>sententiam</span> <span class='ocrx_word' id='word_1_115' title='bbox 1367 2121 1464 2185; x_wconf 90' lang='lat' dir='ltr'>quam</span> 
     </span>
     <span class='ocr_line' id='line_1_16' title="bbox 145 2210 1464 2302; baseline -0.003 -26"><span class='ocrx_word' id='word_1_116' title='bbox 145 2214 256 2277; x_wconf 89' lang='lat' dir='ltr'>Cicero</span> <span class='ocrx_word' id='word_1_117' title='bbox 279 2216 310 2277; x_wconf 93' lang='lat' dir='ltr'>in</span> <span class='ocrx_word' id='word_1_118' title='bbox 332 2214 411 2278; x_wconf 91' lang='lat' dir='ltr'>libro</span> <span class='ocrx_word' id='word_1_119' title='bbox 434 2215 473 2279; x_wconf 91' lang='lat' dir='ltr'>de</span> <span class='ocrx_word' id='word_1_120' title='bbox 489 2237 534 2282; x_wconf 88' lang='lat' dir='ltr'>or.</span> <span class='ocrx_word' id='word_1_121' title='bbox 549 2216 590 2279; x_wconf 85' lang='grc' dir='ltr'>ΙΙΙ</span> <span class='ocrx_word' id='word_1_122' title='bbox 612 2213 693 2302; x_wconf 72' lang='lat'>§39</span> <span class='ocrx_word' id='word_1_123' title='bbox 712 2216 894 2300; x_wconf 88' lang='lat' dir='ltr'>pronuntiat</span> <span class='ocrx_word' id='word_1_124' title='bbox 924 2236 1074 2293; x_wconf 88' lang='lat' dir='ltr'>„omnem</span> <span class='ocrx_word' id='word_1_125' title='bbox 1090 2210 1258 2298; x_wconf 87' lang='lat' dir='ltr'>eloquendi</span> <span class='ocrx_word' id='word_1_126' title='bbox 1274 2213 1464 2296; x_wconf 86' lang='lat' dir='ltr'>elegantiam</span> 
     </span>
     <span class='ocr_line' id='line_1_17' title="bbox 144 2320 1464 2410; baseline -0.002 -23"><span class='ocrx_word' id='word_1_127' title='bbox 144 2345 341 2408; x_wconf 88' lang='lat' dir='ltr'>quamquam</span> <span class='ocrx_word' id='word_1_128' title='bbox 375 2326 554 2410; x_wconf 85' lang='lat' dir='ltr'>expoliatur</span> <span class='ocrx_word' id='word_1_129' title='bbox 586 2328 715 2390; x_wconf 90' lang='lat' dir='ltr'>scientia</span> <span class='ocrx_word' id='word_1_130' title='bbox 738 2325 921 2402; x_wconf 89' lang='lat' dir='ltr'>litterarum,</span> <span class='ocrx_word' id='word_1_131' title='bbox 955 2335 1064 2395; x_wconf 87' lang='lat' dir='ltr'>tamen</span> <span class='ocrx_word' id='word_1_132' title='bbox 1097 2327 1204 2410; x_wconf 84' lang='lat' dir='ltr'>augeri</span> <span class='ocrx_word' id='word_1_133' title='bbox 1234 2320 1374 2409; x_wconf 84' lang='lat' dir='ltr'>legendis</span> <span class='ocrx_word' id='word_1_134' title='bbox 1396 2341 1464 2385; x_wconf 91' lang='lat' dir='ltr'>ora-</span> 
     </span>
     <span class='ocr_line' id='line_1_18' title="bbox 142 2436 638 2520; baseline 0.006 -24"><span class='ocrx_word' id='word_1_135' title='bbox 142 2436 263 2498; x_wconf 93' lang='lat' dir='ltr'>toribus</span> <span class='ocrx_word' id='word_1_136' title='bbox 286 2445 318 2498; x_wconf 89' lang='lat' dir='ltr'>et</span> <span class='ocrx_word' id='word_1_137' title='bbox 331 2439 460 2520; x_wconf 59' lang='lat' dir='ltr'>‚poetis“</span> <span class='ocrx_word' id='word_1_138' title='bbox 484 2437 638 2502; x_wconf 91' lang='lat' dir='ltr'>videmus.</span> 
     </span>
    </p>
   </div>
   <div class='ocr_carea' id='block_1_5' title="bbox 143 2562 1462 2760">
    <p class='ocr_par' dir='ltr' id='par_1_6' title="bbox 143 2562 1462 2760">
     <span class='ocr_line' id='line_1_19' title="bbox 246 2562 1462 2651; baseline -0.002 -24"><span class='ocrx_word' id='word_1_139' title='bbox 246 2562 308 2627; x_wconf 88' lang='lat' dir='ltr'>Sed</span> <span class='ocrx_word' id='word_1_140' title='bbox 331 2562 372 2628; x_wconf 91' lang='lat' dir='ltr'>ad</span> <span class='ocrx_word' id='word_1_141' title='bbox 395 2587 462 2629; x_wconf 92' lang='lat' dir='ltr'>rem</span> <span class='ocrx_word' id='word_1_142' title='bbox 486 2566 587 2649; x_wconf 92' lang='lat' dir='ltr'>ipsam</span> <span class='ocrx_word' id='word_1_143' title='bbox 610 2564 832 2651; x_wconf 85' lang='lat' dir='ltr'>aggrediamur</span> <span class='ocrx_word' id='word_1_144' title='bbox 863 2565 1013 2649; x_wconf 90' lang='lat' dir='ltr'>illamque</span> <span class='ocrx_word' id='word_1_145' title='bbox 1041 2585 1138 2648; x_wconf 90' lang='lat' dir='ltr'>quam</span> <span class='ocrx_word' id='word_1_146' title='bbox 1161 2574 1255 2628; x_wconf 89' lang='lat' dir='ltr'>antea</span> <span class='ocrx_word' id='word_1_147' title='bbox 1277 2563 1462 2629; x_wconf 90' lang='lat' dir='ltr'>adumbravi</span> 
     </span>
     <span class='ocr_line' id='line_1_20' title="bbox 143 2671 1093 2760; baseline 0.001 -24"><span class='ocrx_word' id='word_1_148' title='bbox 143 2671 317 2738; x_wconf 87' lang='lat' dir='ltr'>disserendi</span> <span class='ocrx_word' id='word_1_149' title='bbox 340 2677 495 2739; x_wconf 90' lang='lat' dir='ltr'>rationem</span> <span class='ocrx_word' id='word_1_150' title='bbox 519 2679 550 2740; x_wconf 93' lang='lat' dir='ltr'>in</span> <span class='ocrx_word' id='word_1_151' title='bbox 572 2687 681 2741; x_wconf 91' lang='lat' dir='ltr'>nostra</span> <span class='ocrx_word' id='word_1_152' title='bbox 704 2678 891 2760; x_wconf 88' lang='lat' dir='ltr'>quaestione</span> <span class='ocrx_word' id='word_1_153' title='bbox 913 2695 1093 2759; x_wconf 89' lang='lat' dir='ltr'>sequamur.</span> 
     </span>
    </p>
   </div>
   <div class='ocr_carea' id='block_1_6' title="bbox 246 2849 1084 2945">
    <p class='ocr_par' dir='ltr' id='par_1_7' title="bbox 246 2849 1084 2945">
     <span class='ocr_line' id='line_1_21' title="bbox 246 2849 1084 2945; baseline 0 -17"><span class='ocrx_word' id='word_1_154' title='bbox 246 2878 268 2944; x_wconf 91' lang='lat'>¹)</span> <span class='ocrx_word' id='word_1_155' title='bbox 286 2874 327 2928; x_wconf 85' lang='lat' dir='ltr'>De</span> <span class='ocrx_word' id='word_1_156' title='bbox 345 2880 453 2929; x_wconf 87' lang='lat' dir='ltr'>Libanio</span> <span class='ocrx_word' id='word_1_157' title='bbox 471 2879 500 2931; x_wconf 82' lang='lat' dir='ltr'>cf.</span> <span class='ocrx_word' id='word_1_158' title='bbox 519 2881 642 2930; x_wconf 84' lang='lat' dir='ltr'>Foersteri</span> <span class='ocrx_word' id='word_1_159' title='bbox 659 2882 797 2931; x_wconf 87' lang='lat' dir='ltr'>Francesco</span> <span class='ocrx_word' id='word_1_160' title='bbox 813 2849 971 2929; x_wconf 40' lang='lat' dir='ltr'>&#39;zambeccari</span> <span class='ocrx_word' id='word_1_161' title='bbox 987 2898 1013 2945; x_wconf 90' lang='lat' dir='ltr'>p.</span> <span class='ocrx_word' id='word_1_162' title='bbox 1027 2893 1084 2944; x_wconf 85' lang='lat'>2¹3·</span> 
     </span>
    </p>
   </div>
   <div class='ocr_carea' id='block_1_7' title="bbox 0 0 1776 5634">
    <p class='ocr_par' dir='ltr' id='par_1_8' title="bbox 0 0 1776 5634">
     <span class='ocr_line' id='line_1_22' title="bbox 0 0 1776 5634; baseline 0 3"><span class='ocrx_word' id='word_1_163' title='bbox 0 0 1776 5634; x_wconf 95' lang='lat' dir='ltr'> </span> 
     </span>
    </p>
   </div>
  </div>
 </body>
</html>
