3542 5634
886 494 1157 552 -14-'

425 672 461 735 F.
493 688 564 750 212,
595 676 644 740 28.
678 675 840 761 βούλομαι
871 691 980 763 τοίνυν
1012 678 1211 746 ἐπανελθών
1235 733 1240 743 .
1267 733 1272 743 .
1299 733 1304 744 .
1330 733 1335 744 .
1369 685 1482 746 εἰπεῖν.
1512 676 1551 741 de
1579 698 1647 739 cor.

324 781 395 859 260,
418 798 461 863 7:
484 783 650 869 Βούλομαι
671 800 780 855 τοίνυν
801 789 1011 856 ἐπανελθεῖν.

425 893 459 959 F.
490 896 561 970 218,
593 893 622 956 6.
660 896 862 982 ἐξετάσωμεν
895 912 1004 967 τοίνυν
1026 904 1105 988 παρ’
1138 897 1264 982 ἄλληλα
1297 900 1339 966 τοὶ
1374 913 1426 966 σοί
1448 926 1483 965 τε
1516 909 1570 965 καὶ
1599 904 1649 987 τῷ

324 1011 506 1095 Μυκηναίῳ
528 1004 608 1095 πρδς
634 1007 756 1075 ἐκεῖνον
782 1005 974 1096 ύποέρχοντα
1003 1011 1129 1076 δίκαια·
1159 1007 1285 1072 decor.
1319 1023 1389 1089 315,
1415 1024 1446 1089 5:
1476 1009 1648 1087 Ἐξέτασον

323 1128 432 1183 τοίνυν
452 1122 532 1203 παρ’
556 1114 682 1202 ἄλληλα
705 1117 747 1184 τοῖ
771 1129 820 1184 σοὶ
842 1116 941 1204 κοῖμοῐ
963 1124 1161 1204 βεβιωμένα.

423 1224 457 1287 F.
485 1241 555 1303 220,
588 1226 617 1290 6.
657 1234 764 1295 ταῦτα
801 1240 856 1296 καὶ
885 1229 1103 1318 παραπλήσια
1133 1229 1256 1308 τούτοις
1284 1229 1388 1298 εἰπτδν
1414 1285 1419 1296 .
1445 1285 1451 1295 .
1477 1284 1482 1295 .
1512 1227 1552 1293 de
1579 1250 1644 1293 cor.

324 1337 397 1411 288,
422 1350 450 1417 5.
477 1343 592 1404 Ταῦτα
617 1349 672 1405 καὶ
694 1339 914 1428 παραπλήσια
938 1340 1060 1419 τούτοις
1082 1341 1196 1408 εἰπών.
1328 1345 1331 1351 ’

424 1446 459 1512 F.
472 1463 543 1525 220,
559 1465 606 1512 11.
626 1447 674 1529 (cf.
690 1448 793 1512 Polak
804 1450 914 1516 Herm.
930 1449 1043 1518 XVIII.
1057 1472 1086 1535 p.
1103 1468 1165 1533 279
1174 1450 1244 1534 ult.)
1265 1457 1380 1538 Κοινής
1392 1449 1566 1536 ω’φελείας.
1585 1502 1593 1516 .
1610 1504 1616 1514 .
1637 1503 1642 1514 .

322 1569 532 1646 προκειμένης
564 1557 602 1626 ού
642 1559 735 1628 ποίνυ
776 1563 825 1627 δεῖ
854 1556 1141 1661 πολυπραγμονεῖν
1174 1564 1215 1630 τοὶ
1249 1568 1406 1644 τοιαῦτα,
1435 1568 1467 1627 εἰ
1490 1573 1577 1627 τουτὶ
1605 1561 1642 1626 τδ

322 1668 468 1751 γύναιον,
502 1668 588 1736 viiio?
613 1669 657 1757 μή
692 1682 780 1737 τουτῐ
811 1676 937 1756 μᾶλλον
968 1682 1078 1756 ποθεῖ,
1113 1681 1144 1739 εἰ
1167 1679 1317 1740 τοσοῦτον
1346 1674 1451 1761 ἐχρῆν,
1482 1670 1568 1738 α’λλοὶ
1597 1671 1641 1757 μή
1701 1750 1705 1757 Ι

322 1784 471 1847 τοσούτου
492 1785 696 1913 θυμοήσθριι.
727 1780 983 1846 Demosthenem
1006 1784 1085 1846 haee
1108 1784 1246 1847 referunt
1268 1780 1444 1845 dicentem:
1469 1780 1560 1850 πάνυ
1580 1781 1645 1869 γοῖρ

322 1917 416 2021 παρα
439 1897 542 1974 τοῦτο,
566 1890 624 1977 ούχ
648 1891 740 1983 δρᾷς,
762 1905 872 1976 γέγονε
894 1921 936 1960 τα
959 1899 1026 1963 τῶν
1048 1893 1214 1982 Ἑλλήνων,
1239 1901 1270 1960 ει
1288 1907 1375 1962 τουτὶ
1390 1921 1426 1960 το
1417 1894 1539 2025 ῥῆμα,
1557 1890 1641 1958 οἷλλοὶ
1756 1972 1758 1993 ρ

321 2000 365 2088 μή
381 2013 476 2083 τουτί,
480 2003 672 2095 διελέχθην
686 2002 804 2087 ἔχω’,’
782 2033 801 2090 η
811 2005 972 2093 ’δευρὶ
935 2032 995 2090 την
1015 2022 1117 2093 χεῑρα,
1141 2004 1226 2072 α’λλα
1250 2034 1294 2094 μη
1286 2006 1407 2094 ἰδειρῐ
1429 2004 1640 2093 παρήνεγκον
1740 2090 1743 2095 Δ

321 2086 627 2197 Qw.§m).

421 2222 457 2293 F.
481 2238 551 2302 232,
576 2240 624 2302 24
665 2223 750 2292 οἷλλα
773 2252 836 2314 γαρ
862 2226 956 2312 σοφδς
983 2223 1040 2309 (δν,
1070 2256 1093 2293 ω
1083 2219 1325 2308 ςΠολυδαμα,
1353 2231 1448 2294 τοῦτο
1474 2228 1642 2301 παντελως

321 2330 440 2420 εύηθες
472 2347 662 2422 πεποίηκας.
698 2331 825 2401 decor.
859 2337 930 2412 228,
966 2336 1024 2398 26:
1059 2335 1225 2423 κακοήθης
1248 2336 1275 2400 δ’
1300 2333 1355 2418 ὤν,
1379 2342 1526 2423 Αἰσχίνη,
1549 2340 1640 2402 τούτο

260 2494 265 2504 .
321 2448 491 2523 παντελῶς
513 2443 630 2533 εύηθες
652 2444 773 2537 ρίήθης.
1508 2510 1512 2516 .

330 2540 334 2547 ’
421 2554 456 2619 Β.
480 2557 550 2631 218,
574 2571 593 2636 7
623 2576 669 2639 sq.
711 2566 769 2623 Δεῖ
794 2556 857 2645 γδρ
884 2557 958 2634 τούς
988 2554 1141 2639 α’γαθοδς
1180 2554 1302 2645 ἄνδρας
1336 2562 1367 2621 εἰ
1393 2568 1491 2624 τέκνα
1513 2554 1638 2640 τύχοιεν

321 2666 455 2750 ἔχοντες,
472 2664 509 2734 ου’
523 2666 623 2752 μόνον
637 2681 743 2753 σφίσιν
759 2667 867 2745 αύτοῐς
890 2672 1021 2734 οἴεσθαι
1035 2681 1204 2750 γεγονέναι
1225 2668 1298 2744 τούς
1320 2669 1453 2748 παῖδας,
1477 2664 1561 2731 οἶλλοί
1585 2675 1640 2729 καὶ

321 2781 361 2874 τῇ
383 2778 525 2865 πατρίδι.
575 2785 729 2867 Διαφέρει
756 2781 792 2845 δὲ
818 2792 853 2846 τί
854 2809 865 2859 ,·
893 2776 945 2845 δτι
966 2776 983 2843 δ
1005 2785 1067 2862 μὲν
1088 2777 1180 2871 αύτῷ
1206 2780 1294 2870 μόνῳ
1317 2778 1359 2844 τοὶ
1388 2790 1485 2845 τέκνα
1514 2781 1637 2861 γεγενή·

231 2960 236 2969 ,
322 2895 405 2954 σθαι
427 2889 565 3018 νομίζων
591 2890 651 2976 τήν
680 2891 716 2955 ἐκ
742 2916 798 2975 της
827 2891 1021 3020 εἱμαρμένης
1053 2891 1212 2958 επιούσαν
1248 2888 1356 2966 αυτοῖς
1385 2888 1535 2974 τελευτήν
1564 2884 1636 2971 ύφο

321 3003 431 3085 ροῖται,
463 2996 480 3063 δ
509 3000 545 3065 δὲ
571 3011 626 3066 καῑ
652 3005 693 3099 τή
715 2998 897 3093 πατρίδι
877 3008 960 3089 υπὲρ
990 3005 1048 3068 τοῦ
1076 3001 1119 3086 μή
1150 2999 1274 3083 ταύτην
1310 3001 1530 3065 δουλωθεῐσαν
1558 2999 1637 3063 ιδεῑν

321 3106 359 3175 ού
386 3111 530 3193 φείδεται
566 3078 716 3178 κινδύύου
745 3114 919 3188 καλοῦντος
950 3115 1017 3179 τῶν
1054 3112 1194 3192 παίδων,
1223 3115 1446 3197 φοβερωτέραν
1472 3110 1559 3176 εἶναι
1589 3134 1636 3174 νο·

320 3233 416 3304 μίσας
436 3225 492 3307 τής
520 3220 642 3289 τούτων
665 3220 831 3309 οἷποβολής
852 3223 913 3325 τήν
934 3223 1089 3309 ἐσομένην
1111 3219 1219 3297 αύτοῑς
1242 3218 1380 3302 ιῖτιμίαν
1394 3220 1431 3286 έν
1448 3214 1636 3308 δουλευούση

320 3334 362 3427 τῇ
393 3329 495 3396 πόλει.
551 3330 790 3410 Demosthenis,
811 3333 911 3394 verba
943 3329 983 3394 de
1017 3351 1080 3394 cor.
1112 3331 1182 3411 296,
1214 3343 1259 3410 15.
1302 3331 1441 3412 sophista
1473 3327 1636 3411 paululum

238 3457 241 3461 ’
321 3439 598 3529 Π111121111ῑήγεῑτο
621 3444 683 3533 γοὶρ
707 3442 818 3511 αδτῶν
840 3450 970 3519 ἕκαστος
994 3440 1065 3527 ούχῐ
1086 3447 1133 3533 τῷ
1154 3452 1256 3529 πατρὶ
1283 3452 1338 3506 καὶ
1360 3446 1400 3537 ’τή
1422 3452 1516 3527 μητρὶ
1538 3438 1638 3523 μόνον

319 3557 527 3634 γεγενῆσθαι,
551 3550 637 3619 α’λλοὶ
663 3565 719 3620 καὶ
740 3559 781 3651 τῇ
811 3556 955 3644 πατρίδι.
986 3555 1130 3643 διαφέρει
1162 3546 1197 3619 δὲ
1223 3566 1258 3619 τί
1262 3547 1276 3631 ,ἶ
1293 3549 1344 3617 δτι
1371 3549 1388 3615 δ
1410 3559 1472 3635 μὲν
1497 3568 1560 3628 τοῖς
1589 3577 1637 3633 yn·

320 3668 409 3730 νεύσι
431 3661 531 3747 μόνον
552 3670 751 3750 γεγενῆσθαι
779 3667 918 3750 νομίζων
947 3664 1005 3732 τδν
1034 3669 1089 3750 τής
1112 3670 1304 3752 εἱμαρμένης
1334 3673 1389 3727 καὶ
1417 3661 1473 3729 τδν
1495 3658 1637 3742 αύτόμα·

320 3800 376 3841 τον
391 3772 556 3842 ,θάνατον
586 3788 767 3865 περιμένει,
801 3774 818 3841 δ
853 3778 889 3842 δὲ
923 3788 978 3842 καὶ
1008 3783 1049 3875 τή
1082 3776 1215 3862 πατρίδι
1248 3770 1332 3860 ύπὲρ
1358 3778 1416 3840 τού
1444 3771 1487 3856 μή
1515 3769 1637 3855 ταύτην

245 3881 249 3889 ’
320 3883 446 3952 ε’πιδεῐν
474 3885 687 3955 δουλεύουσαν
720 3885 947 3974 οἷποθνήσκειν
974 3887 1124 3974 ἐθελήσει
1152 3898 1208 3952 καὶ
1240 3890 1459 3973 φοβερωτέρας
1487 3879 1637 3964 ἡγήσεται

320 3994 379 4072 τοίς
400 3992 508 4084 ύβρεις
531 4008 586 4064 καῖ
606 3996 666 4076 τοὶς
688 3996 831 4082 οἷτιμίας,
857 3997 897 4078 δὶς
918 4001 955 4068 ἐν
977 3997 1165 4086 δουλευούση
1188 4001 1228 4094 τή
1250 3994 1344 4062 πόλει
1368 4002 1476 4085 φέρειν’
1497 3993 1634 4082 α’νοῖγκη,

320 4111 378 4173 τού
398 4100 562 4175 θανάτου.

422 4234 641 4302 Elocutiones:
1331 4316 1337 4328 ·

422 4347 457 4409 B·
482 4361 553 4428 235,
577 4361 626 4429 25.
657 4346 822 4417 ἄσπονδον
843 4360 900 4416 καὶ
927 4344 1114 4438 οἷκήρυκτον.
1143 4344 1269 4410 decor.
1296 4360 1367 4425 314,
1394 4345 1445 4407 16:
1474 4343 1635 4422 ἄσπονδος

320 4468 377 4528 καὶ
398 4453 581 4548 οἷκήρυκτος

421 4568 456 4633 Β.
483 4583 553 4653 107,
578 4584 604 4651 5.
648 4568 784 4660 φαιδρδν
805 4582 862 4638 καὶ
890 4569 1067 4659 γεγηθότα.
1091 4567 1131 4632 de
1162 4589 1224 4631 cor.
1256 4583 1326 4647 332,
1358 4569 1386 4629 8.
1414 4565 1634 4656 φαιόρὸςέγω

320 4694 374 4750 καὶ
393 4681 551 4767 γεγηθως

421 4795 457 4863 Β.
483 4812 530 4874 13,
556 4812 604 4859 12.
647 4794 842 4863 ακολουθων
864 4789 982 4860 ἐπὶ
943 4821 980 4860 το
1005 4792 1127 4880 μνῆμα.
1151 4788 1269 4854 decor.
1298 4793 1368 4871 308,
1396 4808 1421 4856 1.
1443 4789 1636 4859 οἷκολουθῶν

320 4913 375 4977 ἐπὶ
395 4906 431 4976 τδ
463 4912 585 4996 μνήμα.
642 4908 847 4990 Quamquam
880 4906 963 4967 hanc
994 4902 1207 4966 elocutionem
1241 4902 1432 4986 singularem
1467 4922 1536 4969 esse
1569 4920 1634 4963 non

321 5017 487 5085 contendo.
