3542 5634
251 1576 423 1660 Reliquum
447 1586 503 1653 est,
527 1586 561 1639 ut
577 1596 660 1659 quae
679 1597 719 1639 ex
742 1578 789 1640 his
805 1597 886 1660 quos
904 1577 992 1640 attuli
1008 1577 1084 1641 locis
1102 1579 1203 1663 colligi
1219 1581 1348 1661 possint.
1365 1579 1473 1661 paucis

150 1684 421 1769 comprehendam
444 1707 668 1769 summamque
690 1688 785 1749 totius
810 1689 1002 1770 quaestionis
1025 1689 1146 1752 faciam.

251 1794 360 1880 Atque
383 1817 578 1881 quamquam
601 1796 823 1879 exemplorum
847 1816 1018 1861 numerum
1040 1800 1147 1882 augeri
1170 1819 1263 1881 posse
1290 1810 1321 1861 et
1344 1807 1473 1861 auctum

149 1908 193 1983 iri,
217 1907 242 1969 si
264 1908 373 1970 omnia
388 1907 522 1970 Choricii
546 1908 700 1991 opuscula
722 1909 754 1971 in
778 1907 885 1971 lucem
909 1905 1088 1990 prodierint,
1111 1906 1263 1986 concedo,
1285 1919 1393 1971 tamen
1416 1910 1474 1971 hos

150 2037 230 2099 quos
261 2017 412 2081 collectos
442 2018 540 2081 oculis
570 2019 719 2102 proposui
754 2018 841 2080 locos
872 2021 946 2081 satis
977 2019 1101 2081 firmam
1129 2021 1299 2103 imaginem
1322 2020 1494 2102 praebere

149 2128 304 2190 existimo
349 2125 467 2212 Aliquo
490 2138 598 2192 tamen
622 2125 719 2192 modo
741 2129 820 2192 haec
843 2130 950 2213 imago
966 2132 1032 2192 sine
1054 2126 1151 2192 dubio
1174 2129 1355 2206 mutabitur,
1379 2131 1404 2191 si
1420 2150 1473 2192 ex-

150 2238 307 2321 ploratum
320 2239 386 2314 erit,
400 2250 597 2321 quantopere
610 2241 750 2302 rhetores
763 2249 861 2322 atque
884 2241 1042 2323 sophistae
1055 2242 1263 2323 posteriomm
1279 2250 1472 2320 temporum,

152 2349 303 2431 imprimis
326 2349 495 2426 LucianuS,
530 2348 694 2425 Aristides
717 2350 905 2426 Philostrati,
940 2349 1102 2426 Libanius,
1136 2372 1216 2434 quos
1246 2351 1408 2413 Choricius
1443 2352 1473 2412 in

152 2478 245 2521 suum
279 2479 372 2522 usum
407 2457 558 2537 adhibuit,
592 2462 632 2523 ab
650 2464 704 2522 'eo
737 2462 911 2523 imitatione
944 2462 1083 2544 expressi
1118 2463 1187 2526 sint.
1225 2462 1311 2524 Tum
1341 2461 1473 2523 fortasse

152 2568 288 2632 elucebit
325 2569 495 2633 nonnullos
532 2570 692 2647 locorum,
735 2590 815 2653 quos
853 2592 915 2655 ego
952 2571 1076 2654 protuli,
1115 2571 1295 2634 Choricium
1332 2592 1395 2634 non
1433 2591 1473 2634 ex

152 2680 332 2742 auctoribus
355 2681 514 2743 veteribus
537 2682 619 2764 ipsis,
644 2677 700 2744 sed
722 2700 781 2763 per⁴
799 2680 868 2743 illos
891 2682 1048 2764 sophistas
1072 2682 1269 2761 cognovisse.

253 2790 425 2853 Oratorum
437 2801 545 2854 autem
560 2793 704 2855 omnium
721 2792 860 2854 maxime
874 2795 1151 2856 Demosthenem
1166 2795 1311 2876 respexit.

255 2898 277 2963 l.
314 2899 425 2985 Atque
457 2904 601 2966 omnium
640 2904 819 2965 orationum
852 2902 1174 2966 Demosthenicarum
1213 2905 1389 2967 orationem
1427 2902 1474 2966 de

153 3028 305 3074 corona
341 3015 538 3096 potissimum
574 3015 605 3077 in
645 3034 737 3076 suum
770 3032 864 3076 usum
900 3015 1063 3078 convertit.
1116 3013 1298 3077 Invenimus
1337 3034 1378 3076 ex
1415 3015 1475 3077 hac

153 3122 296 3184 oratione
317 3143 418 3186 unum
441 3125 548 3187 locum
572 3126 702 3187 citatum
725 3134 912 3208 tantamque
936 3122 1171 3187 multitudinem
1187 3135 1218 3186 et
1241 3124 1384 3187 locorum
1407 3126 1474 3187 imi-

152 3232 272 3296 tatione
293 3254 516 3316 expressorum
539 3235 829 3319 elocutionumque‚
852 3256 931 3317 quas
955 3255 1027 3297 suas
1047 3235 1128 3311 lecit,
1151 3244 1185 3298 ut
1201 3237 1283 3297 hanc
1299 3236 1474 3297 orationem

154 3362 230 3405 eum
252 3346 376 3426 penitus
399 3347 586 3426 cognovisse
609 3343 797 3408 concludere
820 3347 987 3428 possimus.

255 3454 383 3518 Praeter
404 3455 488 3517 hanc
511 3455 661 3518 lectitavit
684 3457 750 3518 sine
773 3453 870 3518 dubio
894 3457 1052 3517 orationes
1075 3455 1148 3520 has:

256 3564 291 3629 ll.
314 3562 360 3629 de
383 3565 486 3627 falsa
508 3565 734 3650 legatione,
758 3585 856 3648 equa
870 3585 970 3627 unum
986 3565 1092 3628 locum
1108 3567 1223 3641 citavit,
1246 3585 1347 3627 unum
1369 3586 1476 3628 exem-

153 3674 242 3759 plum
265 3675 377 3751 attulit,
400 3686 537 3759 quatuor
558 3676 645 3740 locos
668 3677 830 3759 expressit,
854 3676 994 3759 quinque
1010 3676 1205 3739 elocutiones
1228 3696 1300 3737 suas
1324 3676 1413 3756 fecit,

255 3784 303 3848 ΠΙ.
326 3786 609 3871 Olynthiacam
632 3786 665 3864 l,
699 3783 785 3870 quod
811 3787 962 3869 probatur
990 3807 1055 3849 uno
1089 3787 1162 3848 loco
1185 3788 1290 3860 citam,
1313 3807 1379 3848 uno
1410 3787 1477 3848 imi·

152 3896 273 3959 tatione
295 3915 459 3978 express03

255 4005 308 4071 IV.
333 4006 623 4090 Olynthiacam
645 4007 692 4082 ll,
716 4028 734 4068 e
757 4027 821 4090 qua
842 4027 945 4069 unum
969 4006 1075 4070 locum
1099 4008 1180 4083 citat,
1212 4027 1268 4070 sex
1299 4008 1386 4070 locos
1409 4009 1476 4069 imi-

152 4126 238 4181 tatus
261 4126 317 4181 est.

255 4227 295 4292 V.
325 4227 377 4291 Ex
399 4226 654 4310 Olynthiaca
682 4226 731 4290 lll.
761 4223 841 4289 duos
864 4226 951 4290 locos
975 4228 1091 4291 similes
1116 4227 1213 4292 attuli.

255 4359 309 4426 Vl.
332 4358 550 4425 Midianam
574 4362 737 4425 Choricius
761 4374 844 4426 certe
868 4364 1027 4447 cognovit.
1061 4363 1135 4425 Duo
1159 4363 1219 4425 loci
1240 4360 1311 4426 inde
1327 4365 1476 4447 expressi,

154 4467 238 4534 duae
260 4472 454 4535 elocutiones
478 4470 617 4536 indidem
639 4482 785 4556 sumptae
809 4470 895 4557 apud
919 4473 1091 4557 sophistam
1115 4483 1248 4537 exstant.

255 4580 322 4646 VII.
345 4582 661 4646 Aristocrateae
684 4580 764 4646 duos
787 4583 874 4647 locos
897 4585 971 4647 satis
995 4593 1096 4646 certos
1120 4585 1234 4648 inveni.

254 4690 338 4757 Vlll.
361 4691 613 4776 Philippicae
635 4692 658 4757 Ι.
682 4685 889 4756 exstat'unus
911 4702 1016 4758 certus
1040 4693 1137 4757 locus.

254 4799 308 4864 IX.
332 4802 589 4887 Philippicae
612 4803 659 4868 lll.
684 4806 759 4867 item
781 4825 863 4867 unus
886 4803 975 4866 locus
998 4824 1166 4888 expressus
1191 4804 1357 4868 invenitur.

255 4912 323 4977 Has
351 4910 429 4978 duas
467 4915 625 4979 orationes
667 4916 807 4998 sophista
851 4916 1039 5000 cognovisse
1074 4913 1207 4981 videtur.
1252 4911 1364 5003 Neque
1393 4915 1477 4981 euim
