3542 5634
877 501 1088 559 ..23-

430 683 467 745 B.
493 698 564 761 203,
586 699 616 760 4.
660 694 813 772 χαρίεντα
845 680 948 768 δὀῗμα
980 692 1037 750 καὶ
1059 686 1205 770 διαφανῆ
1231 684 1276 750 τά
1305 691 1333 753 τ’
1364 683 1485 752 ύδάτια
1505 696 1559 752 καὶ
1580 686 1646 755 ἐπι-

331 791 445 881 τήδεια
469 790 605 884 λουτρδν
626 794 719 862 εἶναι.
763 789 898 856 Phaedr.
917 791 941 897 .¹·
965 814 992 859 e.

433 904 469 969 B.
494 919 564 985 210,
590 920 635 982 13.
678 903 729 966 De
758 903 840 980 loen,
871 925 935 987 quo
967 906 1102 990 virgines
1131 901 1216 969 diem
1244 906 1360 970 festum
1386 915 1500 991 agunt:
1522 907 1648 994 ἴστεδῆ
1732 966 1734 975 ,

332 1042 397 1084 που
412 1015 468 1083 adv
483 1019 597 1107 χῶρον·
615 1012 782 1085 πλάτανοί
799 1028 837 1083 τέ
856 1023 917 1085 εἰσι
938 1028 995 1085 καῖ
1009 1017 1201 1108 κυπάριττον
1222 1028 1276 1085 καὶ
1289 1018 1376 1108 πηγη
1399 1015 1484 1105 καλή
1506 1028 1560 1085 καὶ
1580 1018 1647 1084 δια-

333 1125 438 1216 φανης
461 1127 625 1211 ἐπιτηδεία
652 1154 686 1193 τε
714 1125 827 1214 κόραις
849 1131 982 1207 παίζειν
1006 1135 1083 1220 παρ’
1107 1127 1200 1228 αὐτῇ.
1245 1129 1334 1193 Haec
1356 1149 1484 1215 quoque
1506 1137 1650 1192 extrema

334 1238 435 1301 verba
457 1234 542 1320 apud
563 1237 739 1304 Platonem.

437 1364 474 1430 B.
499 1380 568 1447 115,
591 1382 620 1439 2,
664 1365 754 1433 ἔνθα
775 1363 870 1449 ,λιγύ
892 1377 1060 1445 πνείοντες
1081 1364 1208 1455 olimst
1233 1365 1482 1446 (Homericuml)
1504 1375 1649 1455 βορέης

334 1485 389 1541 καὶ
405 1478 537 1563 ζέφυρος
550 1473 696 1564 ἄμπελοί
706 1502 742 1544 τε
752 1487 807 1543 καὶ
821 1478 981 1563 διαφανὲς
995 1474 1082 1568 δδωρ
1097 1487 1153 1543 καὶ
1167 1468 1253 1562 φυῶοὶ
1270 1493 1423 1546 παντοῖα.
1454 1480 1523 1544 Hos
1538 1499 1650 1543 omnes

336 1607 416 1670 quos
456 1586 567 1672 collegi
608 1586 694 1651 locos
735 1588 908 1651 imitatione
946 1585 1086 1671 quadam
1127 1587 1279 1652 Platonici
1317 1586 1450 1653 Phaedri
1488 1591 1564 1654 initii
1594 1592 1651 1654 niti

336 1695 502 1764 concedes

436 1809 473 1875 B.
495 1812 545 1890 87,
568 1828 597 1890 9
642 1808 782 1900 Ἀηδόνα
804 1804 940 1895 μὲνουν
961 1821 1018 1877 καὶ
1039 1819 1171 1895 τέττιγα
1193 1838 1252 1890 τας
1282 1837 1385 1902 ορνεις
1406 1811 1474 1880 τῶν
1495 1818 1652 1903 ποιητῶν

260 2003 267 2017 .
336 1917 542 1985 Cf..Phaedr
570 1920 629 1982 262
652 1922 695 1988 D.
726 1926 802 2001 ισως
835 1923 872 1989 δὲ
900 1930 955 1988 καὶ
983 1926 1014 1987 ολ
1043 1926 1110 1989 τῶν
1139 1922 1283 1991 Μουσῶν
1311 1923 1479 2013 προφῆται
1508 1923 1587 1990 ol
1566 1931 1651 2013 υπὲρ

336 2034 515 2124 κεφαλῆς
499 2030 580 2100 ω’δοί
601 2031 681 2117 (scil.
702 2033 866 2116 τέττιγες).

436 2158 471 2222 B.
496 2160 546 2237 88,
572 2176 597 2225 1.
636 2156 753 2225 δια
706 2187 772 2228 των
793 2157 982 2247 ομμάτωνῆ
997 2160 1089 2250 ψυχη
1105 2158 1351 2248 κηλουμένηᾹ]
1353 2158 1521 2227 tPhaedr.
1539 2176 1595 2246 251
1614 2163 1650 2228 Β.

335 2271 392 2336 δια
416 2270 484 2338 τῶν
505 2266 663 2357 ὅμμάτων
685 2269 891 2362 ἐθερμάνθη.

436 2396 471 2462 F.
501 2396 562 2460 Rh.
592 2397 672 2464 Mus.
710 2399 797 2475 1882,
827 2399 911 2479 484,
941 2413 982 2476 24
1009 2417 1055 2481 sq.
1096 2409 1199 2464 καίτοι
1230 2395 1399 2489 Σωκράτης
1428 2398 1447 2466 o‘
1477 2395 1654 2487 Ἀθηναῖος

338 2508 501 2594 ποιητικῶς
522 2515 581 2591 μὲν
604 2506 661 2576 otiu
680 2502 729 2593 ἦν,
752 2507 873 2598 ἐδεήθη
889 2510 925 2576 δὲ
939 2508 1005 2577 τῶν
1021 2506 1167 2576 Μουσῶν
1182 2522 1340 2594 παρεῖναί
1349 2523 1388 2578 τέ
1401 2515 1431 2576 ol
1446 2521 1501 2578 uoci
1516 2510 1652 2601 φράζειν

338 2616 423 2686 δίττα
446 2617 484 2706 dn*
505 2620 619 2705 ἔμελλε
640 2617 724 2710 πρδς
749 2622 894 2708 Φαῖδρον
915 2622 1007 2712 ἐρεῖν,
1028 2616 1071 2687 τά
1095 2627 1220 2688 Λυσίου
1241 2647 1276 2687 τε
1298 2630 1352 2688 καὶ
1373 2619 1476 2690 aneni
1498 2621 1653 2689 παιδικά.

338 2728 478 2813 Respicit
507 2729 668 2794 Choricius
695 2729 831 2798 Phaedr.
858 2751 889 2815 p.
913 2746 973 2812 237
997 2729 1038 2809 A,
1069 2729 1241 2815 quodiam
1263 2731 1448 2797 Foersterus
1479 2729 1654 2797 adnotavit.

440 2841 584 2925 Singula:

878 3883 906 3924 e.
940 3860 1120 3945 Gorgias.

438 3995 512 4058 Duo
528 4005 638 4061 extant
659 3996 729 4076 loci,
752 3999 866 4081 quibus
885 3999 1048 4062 Choricius
1065 3998 1218 4082 exemplis
1232 4000 1328 4063 utitur
1349 4021 1368 4063 e
1391 4000 1507 4083 Gorgia
1527 3995 1657 4083 dialogo

340 4106 460 4188 petitis:

438 4217 471 4284 Β.
496 4233 566 4295 201,
589 4217 618 4284 6.
650 4227 827 4306 Μέμφεται
850 4222 885 4288 δὲ
908 4231 963 4287 καὶ
987 4219 1208 4310 Σωκράτης
1238 4221 1296 4289 τὸν
1326 4224 1509 4288 Καλλικλέα
1528 4218 1657 4304 μεταξύ

340 4354 403 4395 που
436 4330 599 4398 ἐθέλοντα
633 4335 836 4412 καταλεῖψαι
868 4331 926 4400 τὸν
957 4330 1062 4415 λόγον,
1096 4328 1178 4423 ὅπερ
1209 4331 1284 4401 oddo
1315 4333 1387 4411 τούς
1419 4331 1546 4418 μύθους
1578 4342 1657 4418 φησι

339 4436 481 4524 θεμιτδν
510 4442 596 4511 εἶναι
625 4449 762 4510 παθεῖν,
806 4441 852 4506 Cf.
876 4451 942 4506 not.
968 4458 995 4523 3.
1026 4444 1119 4527 Gorg.
1146 4456 1202 4524 505
1229 4441 1264 4506 C.
1294 4449 1352 4513 252
1376 4498 1381 4509 .
1407 4498 1413 4509 .
1439 4498 1445 4509 .
1475 4456 1510 4510 τί
1527 4433 1586 4510 οὖν
1614 4441 1655 4528 δή

340 4550 515 4638 ποιήσομεν
520 4583 531 4634 ,’
552 4555 677 4639 μεταξύ
699 4551 756 4622 τδν
778 4555 872 4638 λόγον
894 4553 1115 4641 καταλύομεν,·
1139 4610 1145 4621 .
1170 4609 1176 4622 .
1202 4610 1208 4622 .
1232 4553 1313 4624 Ἀλλ’
1337 4553 1410 4622 οὐδὲ
1430 4552 1504 4632 τούς
1524 4549 1656 4638 μύθους

339 4671 420 4745 φασὶ
440 4664 563 4747 μεταξύ
586 4673 685 4751 θέμις
705 4666 792 4735 εἶναι
812 4669 1026 4736 καταλείπειν
1047 4669 1113 4733 κτλ.

441 4788 476 4851 Β·
505 4788 551 4871 [3,
575 4809 613 4870 41
645 4800 717 4871 Τοῖς
738 4799 803 4887 μὲν
819 4793 883 4884 γάρ
904 4793 940 4860 τδ
964 4798 1058 4879 σῶμα
1080 4798 1205 4863 νοσοῶσι
1228 4793 1338 4864 πυκνά
1362 4791 1576 4884 παρεκάθητο
1599 4802 1657 4859 καὶ

340 4904 480 4985 Γοργίαν
502 4901 561 4969 τδν
583 4912 758 4972 Λεοντῖνον
786 4904 981 4989 μιμούμενος
1007 4908 1190 4990 φιλονείκως
1220 4908 1322 4975 ἐνίοτε
1354 4905 1434 4996 πρὸς
1467 4911 1656 4994 ἰατρείαν

1736 614 1741 715 t

439 2952 473 3019 Β.
499 2968 527 3032 3,
550 2971 579 3034 9·
610 2955 667 3022 dni
687 2960 750 3039 μὲν
772 2952 881 3042 θύρας
903 2945 962 3042 ἧκε
982 2951 1154 3041 ποιητικάς
1177 2960 1209 3016 et
1230 2952 1265 3020 B.
1287 2955 1353 3030 108,
1376 2970 1405 3033 9.
1430 2935 1524 3043 παρά
1546 2952 1655 3042 θύρας
1740 3004 1743 3035 ,

339 3056 397 3150 ἦγε
419 3061 597 3152 ποιητικάς,
625 3065 679 3127 ubi
706 3061 869 3127 adnotavit
896 3062 1121 3128 Boissonadius
1151 3064 1258 3128 locum
1293 3059 1427 3128 Phaedri
1457 3075 1515 3143 245
1546 3061 1586 3129 A.
1622 3062 1656 3143 δς
1741 3072 1743 3101 l

341 3171 451 3242 d'n't‘vev
472 3188 594 3258 μανίας
616 3182 759 3245 Μουσῶν
781 3179 838 3243 ἐπὶ
860 3175 1031 3263 ποιητικῶς
1052 3175 1161 3267 θύρας
1184 3174 1345 3262 οἷφίκηται.

442 3302 477 3364 G.
508 3302 558 3379 80,
589 3302 658 3381 ΧΠ,
683 3317 710 3383 5.
747 3312 791 3371 Τί
814 3302 859 3373 ῶν
888 3310 994 3374 ταῶτα
1024 3305 1199 3392 μηκύνοιμι
1219 3308 1338 3389 λέγωνς
1371 3301 1503 3371 Phaedr.
1528 3320 1589 3382 244
1619 3303 1656 3373 B.

339 3442 544 3501 μηκυνοιμεν
559 3442 604 3484 αν
626 3415 709 3501 δηλα
731 3424 835 3483 παντι
855 3419 1009 3499 λέγοντες

442 3525 478 3587 G
503 3540 574 3603 233,
596 3523 666 3600 XII,
692 3542 717 3592 1
742 3526 1052 3616 διαθερμαίνειν
1015 3554 1075 3615 την
1097 3540 1348 3613 φαντασίαν-ἰ-
1370 3523 1507 3659 Phaedr.
1532 3527 1656 3610 253E

340 3658 455 3704 πασαν
477 3635 630 3722 αἰσθήσει
653 3636 936 3726 διαθερμηνας
898 3664 958 3725 την
979 3638 1100 3727 ψυχήν.
